1826 3088
763 260 1017 305 —46.„

132 366 192 397 est
218 360 255 396 in
282 359 347 396 illo
374 359 656 408 simplicissima
683 361 829 397 ratione
857 361 1051 409 duplicem
1079 366 1119 397 et
1144 361 1356 397 sacerdotis
1382 366 1421 397 et
1440 361 1641 409 praeconis

132 422 312 467 indolem,
342 434 460 470 quam
488 434 541 459 ex
567 424 622 460 eis
648 424 699 461 de
724 423 862 472 quibus
889 424 1040 473 agimus
1058 423 1230 461 versibus
1248 422 1332 460 tolli
1350 424 1508 471 nequire
1524 435 1642 472 supra

132 485 296 523 confessi
330 498 481 529 sumus,
519 486 690 535 intellegi
725 492 841 534 atque
877 486 963 523 ferri
999 498 1126 535 posse.
1189 486 1392 523 Praeterea
1428 487 1459 523 si
1495 486 1642 534 vulgari

133 548 300 596 probata
319 548 501 596 opinione
523 561 770 596 praeconem,
795 548 857 585 vel
882 549 1060 587 Beerium
1087 549 1207 586 secuti
1225 549 1468 586 sacerdotem
1486 561 1642 600 quoque

79 606 82 609 ’
132 610 298 648 adfuisse
325 610 586 662 censebimus,
622 623 793 660 quonam
819 616 998 661 tempore
1025 623 1179 660 quaque
1206 612 1255 649 de
1282 620 1398 649 causa
1424 611 1552 649 abisse
1576 624 1641 649 eas

132 673 378 722 putabimus?
418 674 703 722 Aristophanes
731 663 773 711 ut
799 685 916 728 supra
943 674 1106 709 vidimus
1133 687 1210 710 non
1237 675 1436 711 consuevit
1455 687 1642 722 personas

132 749 222 774 suas
249 736 348 774 clam
376 749 636 775 summovere.
687 737 743 774 At
768 736 1033 786 coryphaeum
1060 737 1098 774 in
1112 736 1272 791 'reliqua
1289 737 1642 787 quoque-contione

133 800 355 836 mulieribus
391 793 571 847 praeesse
607 801 794 841 videmus.
848 801 886 838 Is
922 813 1078 848 quoque
1101 813 1162 837 vv.
1194 809 1263 847 571
1291 813 1378 850 sqq.
1406 800 1642 838 Clisthenem

133 862 370 912 prospiciens
410 863 680 901 advenientem
693 864 723 912 1)
753 864 981 901 Mnesilochi
1009 862 1253 911 mulierisque
1276 867 1325 901 A
1353 864 1642 901 altercationem

132 925 339 962 finiendam
367 932 485 963 curat.
830 966 833 968 ,
874 931 876 934 “
1218 974 1223 979 ⁸

236 988 387 1037 Quodsi
423 990 515 1026 mihi
542 990 705 1038 contigit
732 996 773 1027 ut
799 990 1031 1026 sententiam
1059 1000 1186 1026 meam
1213 989 1282 1025 tibi
1309 988 1535 1037 probarem,
1569 990 1642 1027 hac

133 1054 281 1089 ratione
320 1059 451 1101 partes
491 1054 589 1091 inter
622 1054 848 1091 comoediae
869 1045 1070 1101 ‘personas
1105 1051 1330 1089 distributae
1367 1051 1481 1090 fuisse
1517 1053 1641 1091 existi-

134 1116 298 1152 mandae
325 1120 432 1152 sunt:

255 1199 467 1237 Protagonista
629 1179 632 1256 y
759 1200 1013 1237 Deuteragonista
1133 1177 1137 1257 Ι
1300 1200 1506 1237 Tritagonista

658 1290 846 1337 Εὐριπίδης
870 1297 988 1329 1—279
1157 1287 1320 1333 Θεράπων
1341 1288 1406 1332 Ἀγ.
1433 1298 1531 1328 ι-7ο

660 1340 745 1381 Γυνή
769 1346 802 1373 Λ
824 1343 1021 1380 381—7642)
1155 1338 1311 1382 Αγάθων
1332 1343 1472 1380 96--265

212 1415 244 1441 K
264 1413 284 1442 d.
356 1409 363 1418 ι
424 1430 465 1435 -
936 1393 1098 1430 871--927
1156 1389 1243 1430 Γυνή
1267 1396 1298 1423 Β
1323 1392 1483 1430 295—458

242 1424 261 1451 η
287 1422 383 1451 ἔστης
408 1422 419 1442 ¹
470 1422 547 1450 ¹²⁰9
661 1461 709 1495 E,
777 1463 811 1494 [ὃ
920 1444 1117 1482 ιο56-ιο97
1155 1444 1358 1482 Κλεισθένης
1380 1444 1542 1482 575-654

643 1501 648 1507 ·
692 1475 773 1506 Uenu
812 1475 849 1502 ης
920 1495 1118 1532 1098—1132
1156 1490 1243 1533 Γυνή
1266 1498 1298 1525 Β
1314 1494 1418 1533 (vulgo
1434 1493 1469 1531 Γ)
1484 1496 1642 1533 760—935

920 1546 1120 1583 1160-—1209
1160 1541 1301 1584 Τοξότης
1326 1553 1529 1584 1001-—1225

515 1605 818 1657 Parachoregemata:
848 1616 986 1656 Τοξότης
1008 1619 1170 1656 929-946

811 1669 981 1712 Πρύτανις
997 1673 1164 1709 ,929—946
1214 1709 1217 1711 q

812 1721 994 1766 [Ἐλάφιον
1019 1723 1274 1764 1160—1214]3).

240 1815 265 1854 1)
287 1816 458 1845 Clisthenes
487 1816 582 1844 tribus
608 1815 731 1844 demum
760 1817 892 1845 versibus
923 1822 1082 1855 postquam
1110 1826 1127 1845 a
1154 1817 1238 1846 chori
1268 1817 1345 1847 duce
1372 1821 1554 1856 conspectus
1586 1827 1649 1847 esse

138 1870 262 1907 fingitur
283 1870 314 1898 in
335 1879 457 1899 scenam
479 1869 591 1907 prodit.
635 1869 711 1898 Inde
734 1870 764 1898 in
790 1879 849 1907 qua
871 1870 1040 1899 orchestrae
1063 1875 1146 1908 parte
1167 1870 1356 1908 coryphaeus
1377 1870 1454 1898 inter
1475 1870 1647 1900 contionem

138 1922 239 1951 locum
262 1922 401 1951 habuerit
422 1938 463 1942 —
484 1922 627 1949 nimirum
649 1922 688 1950 ad
708 1922 807 1960 ipsum
822 1923 1014 1960 proscenium
1029 1923 1366 1961 Thesmophoriumque
1381 1923 1412 1950 in
1428 1931 1464 1951 eo
1479 1933 1650 1961 repraesen-

139 1980 236 2004 tatum
260 1974 417 2004 adsteterit
439 1979 567 2013 oportet,
601 1979 632 2002 ut
654 1975 800 2013 parodum
823 1975 992 2003 orchestrae
1013 1976 1108 2004 oculis
1129 1976 1308 2014 perlustrare
1325 1980 1426 2013 posset
1446 1992 1486 1997 —
1508 1976 1649 2014 probabi·

90 2058 93 2061 ,
139 2029 208 2057 liter
228 2030 417 2066 colligemus.

242 2079 267 2118 2)
288 2082 415 2109 Thesm.
442 2081 502 2117 764
529 2080 637 2109 mulier
658 2084 692 2110 A
714 2089 833 2108 scenam
856 2079 1009 2116 relinquit,
1035 2085 1067 2107 ut
1089 2081 1243 2119 Euripidis
1264 2086 1374 2118 partes.
1407 2090 1482 2118 quas
1507 2080 1596 2108 etiam
1619 2080 1649 2108 in

140 2134 270 2172 prologo
300 2135 363 2172 egit
392 2134 456 2162 eius
487 2138 586 2167 actor,
619 2133 773 2171 suscipiat.
814 2133 926 2162 Velsen
950 2143 999 2162 vv.
1025 2133 1186 2170 761—764
1214 2138 1246 2161 ut
1274 2133 1391 2171 spurios
1418 2132 1565 2162 delendos
1587 2141 1650 2161 esse

138 2193 239 2216 censet
262 2196 434 2225 novamque
455 2187 612 2216 mulierem
634 2187 791 2228 advenisse
813 2179 924 2224 negare
946 2187 1074 2216 videtur.
1109 2187 1169 2216 Sed
1193 2196 1324 2225 quonam
1344 2192 1480 2224 tempore
1494 2186 1649 2215 mulierem

138 2243 168 2271 Γ
185 2250 263 2278 quae
284 2240 481 2269 nihilominus
503 2240 584 2278 apud
601 2240 773 2269 .Velsenum
794 2240 833 2269 ad
855 2250 884 2269 v.
908 2240 967 2277 852
989 2240 1073 2268 adest
1095 2240 1221 2268 intrasse
1243 2239 1410 2268 existimat?
1447 2241 1495 2267 An
1519 2239 1648 2267 eandem

139 2295 298 2323 arbitratur
324 2293 481 2323 mulierem
503 2294 729 2323 Mnesilochum
757 2303 853 2331 usque
876 2294 914 2322 ad
936 2303 965 2322 v.
990 2300 1048 2331 935
1072 2293 1241 2322 custodire?
1286 2293 1366 2321 Tum
1391 2292 1444 2321 illa
1466 2292 1557 2321 etiam
1578 2293 1650 2321 inde

140 2356 157 2374 a
179 2357 208 2375 v.
234 2346 293 2384 852
316 2356 378 2375 non
401 2356 454 2384 per
475 2346 605 2375 litteram
629 2350 659 2377 Γ
676 2347 729 2375 sed
751 2356 804 2384 per
825 2347 955 2375 litteram
981 2349 1012 2374 A
1034 2347 1181 2384 signanda
1204 2353 1277 2376 erat.

243 2397 269 2436 ²³)
290 2399 428 2428 Fortasse
451 2399 575 2437 Elaphii
598 2404 699 2437 partes
720 2409 820 2427 revera
842 2409 860 2428 a
881 2399 995 2428 femina
1018 2404 1100 2428 actas
1122 2409 1186 2428 esse
1209 2393 1354 2437 suspicari
1377 2400 1456 2428 licet.
