1826 3088
810 245 1033 280 -6-

165 358 200 383 v.
231 346 299 383 881
332 342 447 391 αὐτὸς
472 344 517 384 δὲ
543 340 728 396 Πρωτεῦς
754 343 865 385 ἔνδον
891 341 964 384 ἔστ’
994 341 1270 398 ἢ’ξώπιος;1)
1314 355 1317 359 “

194 440 200 446 .
231 410 302 456 885
332 410 413 447 ποῦ
441 406 478 446 δ’
511 404 734 459 ἐτυμβεύθη
760 407 895 460 τάφῳ,-
954 432 958 435 -

228 482 305 519 904
331 467 489 523 ἀφασία
514 470 575 517 τίς
599 470 663 509 τοί
689 470 724 520 μ’
757 469 837 520 ἔχει
849 473 880 521 2)

228 544 305 581 900
333 528 384 572 οὗ·
404 528 478 583 γάρ
506 536 707 583 γαμοῦμαι
733 537 791 586 σῷ
816 534 1035 587 κασιγνήτῳ
1061 534 1161 574 ποτέ
1169 536 1202 584 ⁸)

226 606 299 644 903
329 593 570 644 αἰσχύνομαί
596 609 640 635 σε
668 627 676 635 .
706 626 715 635 .
745 628 753 636 .
782 599 835 647 ,4)

194 689 200 695 .
229 669 302 706 913
332 671 418 707 sqq.
448 658 548 707 λαβέ
573 673 622 708 με
648 659 748 709 λαβέ
773 674 822 709 με
847 655 956 707 πόσι,
989 659 1180 710 περίβαλε
1207 659 1251 698 δὲ
1276 658 1393 709 χέρας
1417 659 1500 700 κτλ.
1511 660 1544 709 ⁵)

227 723 300 770 872
328 734 386 770 sq.
711 713 713 715 ‚
1079 721 1228 773 ποντίῳ
1256 719 1365 773 σάλῳ

414 781 633 832 κάμνοντας
657 784 697 823 ἐν
722 788 883 833 χειμῶνι
911 786 980 824 καὶ
1007 784 1224 836 ναυαγίαις.

161 860 197 887 v.
226 848 302 895 889
328 846 368 886 τί
396 843 445 898 δὴ
472 843 520 886 σύ
547 844 718 894 θάσσεις
743 844 858 894 τάςδε
883 845 1092 900 τυμβήρεις
1119 846 1294 898 ἓ’ὁρας6);

225 911 296 958 895
326 907 446 960 βάυζε
475 908 619 959 τούμὸν
645 912 761 958 σῶμα
788 908 991 958 βάλλουσα
1019 909 1144 962 ψόγῳ.

159 985 195 1009 v.
223 982 297 1019 902
326 971 500 1021 στρέψον
528 968 731 1022 ἀνταυγεῖς
756 971 888 1021 κόρας.

264 1043 355 1093 Quo
392 1044 523 1082 colore
559 1045 770 1094 Euripideo
807 1045 993 1094 pellectus
1021 1046 1070 1084 A.
1099 1045 1235 1082 Nauck
1247 1045 1278 1094 ⁷)
1317 1057 1415 1093 quos
1449 1050 1670 1093 postremos

161 1108 323 1145 indicavi
351 1114 535 1156 quattuor
562 1109 671 1145 locos
698 1109 796 1145 inter
823 1110 1011 1157 adespota
1027 1110 1260 1157 tragicorum
1281 1108 1496 1156 fragmenta
1514 1108 1668 1156 recepit.

159 1171 298 1219 Neque
326 1177 458 1208 tamen
494 1171 750 1208 dubitandum
778 1177 837 1208 est
865 1172 955 1219 quin
982 1172 1065 1220 ipse
1092 1171 1375 1219 Aristophanes
1402 1172 1540 1218 omnia,
1557 1171 1622 1207 illa
1649 1183 1671 1208 e

163 1246 234 1271 suo
262 1234 463 1279 addiderit,
493 1246 571 1271 non
598 1240 746 1272 certum
774 1234 941 1282 aliquem
968 1234 1097 1281 Locum
1125 1235 1194 1271 sed
1221 1235 1436 1272 universam
1463 1234 1669 1271 dictionem

158 1297 352 1345 Euripidis
379 1298 560 1334 imitatus.
614 1298 658 1334 Id
686 1298 767 1333 aliis
795 1297 899 1340 locis,
935 1298 1122 1344 imprimis
1149 1310 1209 1334 νν.
1240 1299 1325 1345 877,
1353 1299 1437 1344 885,
1466 1307 1552 1345 904,
1581 1307 1668 1345 913,

158 1361 251 1396 satis
277 1360 576 1403 demonstratur,
608 1360 746 1408 quibus
774 1371 887 1395 nemo
916 1359 964 1395 de
993 1360 1140 1406 tragico
1160 1361 1329 1406 quodam
1347 1359 1452 1396 fonte
1471 1360 1669 1411 cogitabit.

158 1422 297 1469 Neque
327 1422 601 1470 Aristophanis
629 1422 783 1470 ingenio
811 1427 850 1458 et
876 1422 947 1458 arti
975 1422 1097 1459 maior
1123 1421 1206 1458 laus
1234 1421 1346 1458 tribui
1373 1428 1526 1470 poterat
1553 1434 1669 1469 quam

158 1485 263 1531 quod
290 1484 429 1521 Nauck
457 1497 503 1521 ea
531 1497 630 1533 quae
658 1485 829 1521 comicus
856 1496 933 1520 non
960 1485 1030 1521 nisi
1057 1485 1106 1521 ad
1133 1484 1366 1531 tragicorum
1385 1484 1668 1521 similitudinem

157 1548 378 1596 composita
404 1560 490 1585 esse
517 1547 685 1591 volebat,
715 1559 806 1584 vere
832 1548 978 1595 tragica
1005 1559 1090 1584 esse
1118 1547 1361 1586 existimavit.
1388 1569 1437 1573 —-

260 1610 382 1646 Vides
420 1616 565 1658 quanta
600 1611 797 1657 diligentia
824 1616 941 1658 poeta
968 1611 1005 1646 in
1033 1610 1216 1646 imitanda
1243 1610 1479 1657 tragicorum
1503 1611 1669 1647 dictione

155 1673 445 1721 verborumque
484 1672 1144 1721 supellectile-comparanda·usus
1180 1672 1238 1708 sit.
1301 1671 1419 1719 Quod
1454 1678 1583 1709 autem
1620 1673 1668 1709 ad

156 1736 280 1784 ipsam
299 1748 438 1772 scenae
457 1741 690 1773 structuram
709 1736 856 1781 attinet,
875 1736 966 1772 illud
986 1736 1153 1783 primum
1168 1735 1372 1772 dicendum
1386 1741 1455 1780 est,
1474 1745 1591 1783 v.901
1610 1747 1667 1783 sq.

156 1794 418 1848 ἇναγνώρισιν
453 1811 553 1845 quae
590 1803 752 1835 vocatur
777 1798 826 1835 ab
855 1799 937 1846 ipso
967 1798 1248 1846 Aristophane,
1286 1799 1354 1834 sed
1381 1799 1430 1835 ad
1457 1799 1668 1835 maximam

161 422 199 759 .«.<.<.<-·<

159 923 194 948 .<

261 1936 286 1973 l)
307 1937 348 1965 cf.
373 1937 447 1965 Hel.
468 1937 539 1974 465,
565 1937 641 1974 4673
665 1937 748 1965 Med.
771 1937 847 1973 6243
871 1936 1026 1973 Bakhuyz.
1052 1936 1072 1965 l.
1095 1945 1121 1964 a.
1147 1943 1204 1972 124
1225 1945 1270 1973 sq.

260 1988 285 2026 2)
307 1989 345 2018 cf.
377 1989 448 2019 Hel.
480 1996 539 2027 549
566 1998 629 2027 sq.:
671 1985 714 2023 ὠς
744 1988 847 2029 δέμας
877 1988 1009 2025 δείξασα
1041 1984 1117 2025 σόν,
1152 1988 1304 2026 ἔκπληξιν
1339 1985 1420 2027 ἡμῖν
1450 1987 1603 2029 ἀφασίαν
1632 1999 1667 2020 τε

153 2045 352 2083 προςτίθηςς
385 2042 454 2081 Iph.
483 2042 555 2071 Aul.
590 2042 667 2080 837:
707 2039 838 2083 ἀφασία
871 2042 909 2082 μ’
948 2041 1035 2080 ἔχει,
1068 2038 1188 2082 γύναις
1220 2042 1311 2071 Herc.
1346 2048 1415 2079 515.
1462 2038 1595 2081 ἀφασία
1628 2041 1668 2077 δὲ

152 2092 237 2136 κᾶμ’
262 2096 340 2136 ἔχει.

256 2147 282 2186 ³)
303 2148 342 2177 cf.
368 2148 482 2177 Phoen.
511 2147 597 2185 1673.

254 2201 281 2239 ⁴)
302 2202 343 2231 cf.
369 2202 447 2231 Hec.
472 2200 542 2237 968.

256 2254 281 2292 ⁶)
303 2255 342 2284 cf.
369 2255 467 2283 Orest.
498 2262 590 2290 1044:
624 2254 817 2294 περιβαλεῖν
840 2256 953 2295 χέρας;
982 2254 1055 2283 Hel.
1080 2254 1138 2290 627
1162 2265 1221 2293 sq.:
1257 2255 1377 2293 ἔλαβον
1400 2251 1531 2294 ἀσμένα
1562 2251 1665 2284 πόσιν

152 2305 249 2350 ἐμόν,
281 2310 397 2350 φίλαι,
426 2309 507 2347 περί
527 2304 558 2336 τ’
584 2306 731 2337 ἐπέτασα
759 2306 864 2346 χέρα;
892 2307 968 2345 634:
1008 2308 1084 2348 περὶ
1112 2305 1149 2336 δὲ
1174 2310 1256 2348 γυῖα
1276 2309 1379 2347 χέρας
1404 2307 1531 2346 ἔβαλον.
1555 2322 1595 2327 -
1618 2306 1666 2335 De

151 2363 313 2390 verborum
343 2360 524 2399 repetitione
553 2365 582 2387 et
615 2359 738 2388 metrica
764 2359 878 2387 ratione
907 2366 986 2388 recte
1008 2360 1147 2389 Taeuber
1168 2361 1187 2389 1.
1210 2370 1238 2389 a.
1263 2370 1294 2398 p.
1319 2360 1377 2397 36,
1408 2360 1460 2398 qui
1482 2369 1517 2388 ex
1543 2359 1665 2388 Helena

153 2421 308 2452 comparat
330 2415 421 2443 etiam
444 2414 505 2450 650
526 2422 587 2451 sq„
612 2412 684 2448 664,
709 2411 780 2448 670,
804 2412 873 2448 684.
959 2440 962 2447 ,

254 2466 280 2504 ⁶)
301 2455 342 2496 efss
356 2467 430 2496 Hel.
448 2472 520 2503 797:
545 2462 627 2506 ὁρᾷς
647 2462 760 2506 τάφου
784 2462 879 2495 τοῦδ’
904 2462 1045 2500 ἀθλίους
1067 2463 1164 2507 ἕδρας
1184 2460 1285 2504 ἐμάς,·
1309 2465 1386 2503 528:
1411 2461 1469 2502 ἥδ’
1495 2461 1536 2494 αὖ
1551 2460 1664 2505 τάφου

153 2517 249 2549 τοῦδ’
280 2522 327 2554 εἰς
356 2519 455 2561 ἕδρας
483 2517 548 2559 ἐγὼ
578 2515 686 2548 πάλιν
708 2520 845 2558 στείχω;
871 2518 967 2547 ·Herc.
989 2526 1093 2554 ·1214:
1130 2517 1166 2548 σὲ
1196 2515 1255 2548 τὸν
1288 2514 1460 2548 θάσσοντα
1484 2515 1666 2556 δυστήνους

154 2569 259 2614 ἕδρας.

255 2625 280 2663 7)
301 2627 499 2665 Tmragicoru
523 2624 678 2655 Graecfor.
703 2629 858 2662 ragmenta
880 2625 927 2655 ed.
950 2634 1008 2654 sec.
1031 2624 1152 2663 Lipsiae
1177 2623 1254 2661 1889
1277 2634 1308 2662 p.
1331 2623 1386 2662 851
1413 2633 1457 2662 sq.
