1826 3088
789 273 1034 308 ..18—

158 375 402 412 simulacrum
430 380 520 411 ante
547 375 681 411 oculos
700 375 867 422 positum
886 372 1020 419 fuisse;
1050 387 1139 411 num
1159 380 1239 411 tam
1259 379 1435 411 accurate
1453 374 1659 422 genuinam

157 437 385 486 Euripideae
412 436 690 474 Andromedae
718 436 883 485 speciem
911 435 948 472 in
976 437 1162 473 eiusmodi
1189 436 1303 473 rebus
1331 448 1430 485 quae
1457 436 1583 473 solum
1610 437 1658 473 ad

157 501 350 537 scenicum
386 505 617 547 apparatum
653 500 843 548 pertinent
885 510 955 545 per
986 505 1165 547 tempora
1199 504 1392 536 servatam
1430 511 1513 536 esse
1552 505 1659 547 puta-

156 564 294 607 bimus,
330 567 371 599 ut
406 575 427 599 e
455 567 535 599 tam
563 574 648 599 sera
676 562 900 610 repetitione
927 561 1107 610 colligere
1134 561 1266 606 liceat,
1310 562 1509 609 quomodo
1536 574 1597 599 res
1623 562 1659 598 in

158 627 358 675 tragoedia
386 626 435 662 ab
463 626 548 674 ipso
575 626 759 673 Euripide
786 626 900 662 docta
927 638 968 662 se
995 624 1220 662 habuerint?

262 689 339 725 Sed
374 689 434 724 ad*
454 689 698 725 comoediam
725 693 903 724 revertor.
956 688 1012 724 Ibi
1040 689 1076 724 in
1104 688 1265 724 monstri
1294 688 1423 724 locum
1450 688 1661 724 succedunt

158 765 244 789 cum
289 750 510 801 κόρακεςῑ),
552 752 690 798 quibus
726 751 892 788 misellus
929 751 1189 788 Mnesilochus
1226 751 1419 799 proiectus
1455 755 1532 793 est,
1577 755 1660 787 tum

157 821 287 851 custos
315 815 512 858 barbarus,
541 815 647 850 cuius
674 815 711 850 in
739 826 902 861 persona
921 812 1066 860 Cephei
1095 824 1252 860 quoque
1275 815 1463 862 quasdam
1484 813 1661 860 reliquias

158 879 343 927 reperias3
380 878 476 914 sicut
512 883 622 925 pater
649 877 922 914 Andromedae
958 877 995 912 in
1029 876 1229 924 tragoedia
1259 876 1439 914 Perseum
1477 876 1660 925 impedire

157 941 348 984 studebat,
378 953 424 976 ne
452 941 637 988 virginem
666 940 861 976 liberatam
889 952 1021 976 secum
1045 940 1253 977 abduceret
1264 940 1305 988 ²),
1334 941 1385 976 ita
1403 941 1440 976 in
1458 939 1661 976 comoedia

158 1003 306 1050 Scytha
342 1003 564 1051 Euripidem
605 1002 784 1050 prohibet
824 1001 957 1038 solutis
992 1001 1218 1039 Mnesilochi
1255 1002 1413 1039 vinculis
1449 1004 1586 1041 πεσεῖν
1622 999 1663 1047 ἒς

158 1062 265 1112 εὐνὴν
300 1065 369 1103 καὶ
407 1064 596 1114 γαμήλιον
634 1064 755 1111 λέχος.
809 1065 943 1112 Neque
980 1065 1093 1112 igitur
1128 1066 1274 1101 minore
1312 1078 1399 1101 cum
1436 1071 1518 1102 arte
1544 1077 1661 1112 quam

158 1129 195 1165 in
232 1128 380 1164 Helena
418 1133 577 1174 poetam
618 1139 734 1174 quam
774 1127 955 1174 plurimas
998 1128 1219 1174 tragoediae
1261 1139 1446 1175 personas
1483 1140 1549 1175 per
1584 1133 1661 1163 tres

159 1192 243 1229 illas
269 1204 369 1239 quae
396 1191 432 1227 in
460 1191 663 1227 comoedia
690 1190 828 1227 adsunt
854 1195 1112 1227 reservantem
1140 1191 1325 1227 videmus.
1356 1214 1402 1218 —

260 1254 398 1300 Neque
425 1253 498 1288 alia
526 1259 642 1301 atque
668 1253 704 1288 in
725 1253 870 1289 Helena
897 1253 1044 1289 ratione
1071 1254 1216 1300 tragica
1238 1255 1286 1290 ad
1307 1254 1423 1290 risum
1444 1255 1660 1300 detorquet.

159 1317 277 1355 Sicuti
304 1318 341 1353 in
369 1315 541 1352 Helenae
569 1317 729 1364 parodia
765 1304 885 1353 ieiuna
913 1315 1031 1352 verba
1059 1315 1225 1353 mulieris
1253 1319 1288 1353 Γ
1310 1316 1413 1353 elato
1440 1316 1663 1365 tragoediae

158 1380 324 1416 sermoni
353 1379 566 1421 immiscuit,
596 1379 647 1414 ita
673 1380 709 1414 in
737 1379 991 1414 Andromeda
1023 1380 1156 1415 rudem
1184 1380 1337 1415 barbari
1364 1380 1533 1427 linguam
1560 1379 1662 1415 iden·
1687 1407 1690 1411 ,

99 1457 101 1459 ·
157 1443 277 1479 tidem
306 1442 520 1478 orationem
548 1441 735 1489 tragicam
764 1441 1103 1489 interrumpentem
1132 1440 1231 1479 facit.
1279 1440 1396 1478 Sicuti
1416 1442 1452 1478 in
1471 1441 1662 1489 Helena⁸)

159 1505 295 1540 mulier
316 1504 484 1551 'Critylla
520 1517 662 1542 nomen
688 1505 814 1541 Protei
846 1504 943 1541 falso
971 1505 1159 1541 intellexit
1185 1505 1442 1552 Proteamque
1470 1505 1662 1552 quendam

158 1568 364 1604 obscurum
401 1566 598 1603 hominem
633 1559 835 1610 substituit,
871 1568 923 1603 ita
959 1567 996 1602 in
1023 1567 1316 1614 Andromeda4)
1352 1567 1489 1603 stultus
1516 1566 1664 1616 Scytha

158 1637 295 1679 caput.
318 1630 511 1677 Gorgonis
552 1642 621 1678 per
661 1643 828 1667 errorem
868 1630 1026 1677 accipit,
1074 1631 1181 1677 quasi
1222 1631 1270 1667 de
1310 1631 1457 1668 scribae
1495 1630 1663 1679 alicuius,

157 1694 324 1731 hominis
364 1699 467 1730 certe
508 1706 582 1730 non
625 1694 748 1731 minus
788 1693 938 1731 obscuri
980 1694 1104 1742 capite
1145 1695 1335 1743 agatur5).
1402 1694 1445 1731 In
1485 1706 1531 1731 ea
1570 1706 1662 1730 vero

265 1812 290 1850 1)
311 1813 435 1841 Thesm.
465 1820 525 1847 940
547 1821 608 1849 sq.:
647 1812 704 1842 ἳνα
727 1805 773 1851 μὴ
792 1808 824 1841 ’ν
846 1812 1024 1852 κροκωτοῖς
1045 1812 1102 1841 καὶ
1123 1814 1256 1851 μίτραις
1280 1813 1386 1852 γέρων
1409 1809 1492 1852 ἀνὴρ

648 1866 774 1903 γέλωτα
798 1866 932 1906 παρέχω
955 1866 1023 1897 τοῖς
1043 1861 1176 1905 κόραξιν
1198 1864 1323 1895 ἑστιῶν.

449 1917 526 1945 1028
549 1927 608 1954 sq.:
649 1917 825 1957 ἐκρέμασεν
848 1913 961 1958 κόραξι
987 1916 1133 1947 δεῖπνον.

209 1988 213 1993 -
263 1969 289 2007 2)
309 1971 425 1998 Robert
446 1970 466 1999 1.
489 1970 509 1999 l.
531 1980 561 2007 p.
588 1978 632 2006 19.

259 2021 285 2062 3)
306 2023 429 2054 Thesm.
452 2022 522 2060 876.

258 2076 284 2114 ⁴)
305 2077 427 2106 Thesm.
454 2084 541 2106 1102.

260 2128 286 2167 5)
308 2130 332 2158 E
355 2130 467 2159 talibus
489 2129 638 2158 erroribus
654 2128 871 2171 Aristophanes
894 2128 1014 2166 saepius
1034 2128 1158 2157 ridicula
1182 2134 1283 2167 captat
1307 2139 1405 2167 neque
1430 2134 1531 2157 tamen
1554 2128 1666 2165 ubique

155 2190 216 2213 tarn
249 2189 352 2222 aperte
382 2189 410 2211 et
441 2189 511 2221 apte
540 2193 633 2220 quam
661 2182 821 2211 hocloco.
866 2181 947 2210 Pluti
975 2191 1002 2210 v.
1026 2181 1084 2210 268
1114 2182 1173 2210 alia
1198 2182 1313 2212 ratione
1336 2182 1471 2220 intellegi
1494 2191 1554 2210 non
1578 2190 1666 2219 posse

155 2246 203 2266 me
240 2237 356 2265 monuit
378 2237 413 2265 F.
440 2237 513 2271 Leo,
547 2239 725 2273 praeceptor
752 2244 835 2263 meus
858 2234 1060 2263 doctissimus.
1104 2234 1286 2263 Scholiastes
1314 2235 1423 2265 frustra
1446 2235 1547 2264 locum
1571 2234 1666 2272 expli-

157 2300 225 2319 care
248 2295 388 2327 conatur3
407 2276 588 2326 'interpretes
611 2298 750 2317 versuum
774 2288 910 2317 ordinem
932 2291 1132 2316 mutaverunt.
1171 2288 1284 2317 Omnia
1305 2288 1396 2326 plana
1415 2293 1485 2317 sunt
1501 2287 1666 2317 dummodo

158 2348 336 2376 statuamus,
367 2343 492 2370 chorum
517 2351 572 2379 pro
601 2337 705 2383 ῥυσόν
727 2339 767 2377 (ν.
791 2340 862 2378 266)
884 2339 962 2368 falso
981 2336 1111 2381 χρυσόν
1132 2341 1323 2371 intellexisse.
1345 2359 1384 2364 —-
1407 2342 1543 2371 Alterum
1565 2341 1666 2381 locum

156 2396 253 2424 multo
284 2394 486 2424 venustiorem
517 2395 546 2423 in
576 2394 640 2432 ipsa
662 2394 875 2423 Andromedae
906 2392 1034 2430 parodia
1062 2393 1134 2421 mihi
1163 2393 1305 2422 indicavit
1334 2395 1503 2423 carissimus
1525 2393 1668 2431 magister

157 2450 194 2478 L‘.
217 2450 255 2477 de
278 2448 491 2491 Wilamowitz.
542 2439 596 2476 Est
618 2448 741 2477 Thesm.
772 2458 798 2476 v.
828 2455 904 2484 1094
937 2455 1027 2483 quem
1057 2446 1187 2475 editores
1216 2447 1336 2476 iocandi
1362 2448 1477 2477 ratione
1505 2457 1567 2477 non
1596 2446 1667 2476 satis

155 2502 310 2530 intellecta
340 2501 563 2539 depravarunt,
595 2510 781 2538 quamquam
809 2500 839 2531 in
869 2499 959 2528 codd.
990 2499 1061 2527 satis
1091 2499 1170 2527 clara
1198 2500 1348 2537 genuinae
1376 2501 1515 2529 lectionis
1541 2500 1669 2537 vestigia

157 2559 280 2583 restant.
317 2554 427 2591 Neque
450 2553 531 2581 enim
554 2553 684 2590 Scythae
706 2553 796 2581 verba
818 2552 857 2583 οὐ
879 2547 1044 2593 καιρήσεις
1061 2551 1112 2590 (=
1128 2552 1167 2582 ὀὐ
1178 2550 1362 2594 χαιρήσεις)
1383 2553 1541 2583 immutata
1564 2553 1668 2582 recinit

156 2606 258 2644 Echo,
297 2607 351 2636 sed
387 2606 447 2635 levi
485 2615 520 2635 ac
556 2606 659 2645 lepida
695 2615 763 2634 cum
797 2606 963 2636 mutatione
996 2604 1055 2636 οὐκ
1088 2596 1235 2645 αἰρήσὲις
1267 2604 1354 2644 (σῦκ’
1390 2602 1535 2649 αἲρήσεις
1555 2607 1583 2635 R
1607 2605 1668 2636 οὐκ

157 2656 305 2700 αἰρήσεις
326 2660 377 2698 G).
