1826 3088
770 295 1023 322 —12—

140 387 209 423 nisi
243 386 442 424 modestas
478 387 600 436 egerit
635 393 777 435 partes.
840 386 880 423 C.
910 387 1061 426 Robert
1071 388 1120 436 ¹),
1158 387 1415 436 Hartungium
1427 386 1456 435 ²)
1488 392 1648 435 secutus

141 462 217 486 non
252 449 380 487 solum
416 450 454 486 in
488 462 646 487 scenam
681 449 787 488 illam
822 451 998 500 prodisse
1028 462 1162 488 verum
1199 450 1316 489 etiam
1340 449 1549 498 prologum
1576 455 1647 488 tra-

140 513 304 562 goediae
330 513 538 550 iambicum
565 514 747 551 recitasse
774 513 916 552 statuit.
961 514 1099 561 Neque
1126 518 1256 550 tamen
1283 513 1511 551 sententiam
1538 525 1648 552 suam

142 575 234 612 mihi
260 575 451 624 probavit.
505 576 648 613 Nititur
673 575 824 614 Robert
849 575 1079 630 scholiastae
1111 576 1160 613 ad
1187 588 1222 613 v.
1256 575 1348 623 1065
1378 576 1646 621 adnotatione:

139 640 208 677 τοῦ
246 634 445 689 προλόγου
475 634 742 689 Ἀνδρομέδας
786 633 943 692 εἱςβολή
988 651 1087 688 quae
1130 639 1249 682 verba
1284 651 1362 676 non
1395 640 1525 688 ipsum
1559 652 1647 688 pro-

139 701 274 750 logum
285 701 328 750 3),
358 702 427 739 sed
459 702 649 750 »primum
677 708 767 751 post
794 701 1001 751 prologum
1029 702 1178 739 locum«
1209 701 1423 751 significare
1440 702 1646 740 existimat.
1691 733 1694 736 ,

139 765 324 813 Neglexit
356 764 508 802 Robert
544 766 795 803 scholiastam
831 765 948 813 paulo
985 770 1075 814 post
1110 766 1159 802 ad
1196 778 1232 802 v.
1267 775 1373 813 1070,
1415 765 1559 802 scilicet
1598 766 1648 804 ad

138 827 257 865 verba
298 840 387 865 cum
429 828 621 877 prioribus
661 829 849 866 artissime
886 830 1092 867 coniuncta
1133 820 1240 867 »καὶ
1279 829 1435 867 ταῦτα
1474 825 1526 867 ἐκ
1562 829 1649 868 τοῦ

138 889 422 941 προλόγου(
462 892 660 929 adnotare.
715 891 756 928 Si
788 897 917 929 autem
944 892 1219 941 grammaticus
1246 893 1373 941 priore
1400 893 1649 929 adnotatione

138 967 216 992 non
244 955 371 1003 ipsum
400 955 586 992 dramatis
611 955 850 1004 principium,
878 955 948 992 sed
975 956 1141 1004 primum
1169 960 1259 1004 post
1284 955 1492 1007 prologum
1517 955 1648 993 locum

137 1017 353 1065 significare
382 1018 579 1062 voluisset,
616 1018 752 1055 dubito
781 1031 829 1055 an
855 1019 892 1054 in
918 1018 1133 1066 posteriore
1159 1030 1315 1066 quoque
1342 1018 1490 1055 scholio
1516 1018 1646 1056 clario-

138 1080 243 1117 ribus
269 1080 397 1118 verbis
425 1079 536 1118 suerit
562 1093 710 1118 usurus.
755 1080 833 1118 Sed
859 1086 994 1118 contra
1016 1093 1088 1118 nos
1112 1081 1202 1117 dicit
1221 1080 1381 1125 Robert,
1409 1086 1649 1130 spectatores

138 1156 209 1192 per
236 1144 460 1181 monodiam
489 1149 529 1181 et
555 1144 751 1182 choricum
779 1145 845 1181 vix
869 1144 920 1183 de
948 1143 1101 1182 fabulae
1119 1150 1348 1192 argumento
1368 1145 1549 1183 certiores
1567 1143 1648 1182 fieri

138 1207 324 1256 potuisse.
387 1207 446 1245 At
486 1220 620 1245 revera
658 1208 848 1255 quaedam
888 1208 1051 1256 vestigia
1090 1207 1177 1244 talis
1217 1207 1470 1257 expositionis
1506 1213 1649 1246 restare

136 1271 325 1308 videntur.
393 1271 437 1308 In
478 1271 685 1308 monodiae
724 1272 830 1309 initio
868 1272 1000 1309 statim
1039 1271 1123 1320 ipsa
1157 1271 1412 1309 Andromeda
1446 1271 1649 1321 profitetur

136 1345 280 1370 nomen
306 1345 419 1370 suum
451 1333 600 1382 [Nauck
620 1333 756 1382 fragm.
784 1343 864 1381 115,
895 1334 1055 1373 Thesm.
1080 1333 1207 1384 1070]:
1235 1332 1276 1372 τί
1297 1328 1383 1372 ποτ’
1403 1330 1648 1384 Ἀνδρομέδα

135 1396 334 1445 περίαλλα
372 1397 504 1434 κακῶν
535 1395 653 1446 μέρος
680 1395 866 1444 ἐξέλαχον
893 1396 995 1444 κτλ.,
1030 1397 1067 1433 id
1095 1397 1199 1452 quod
1227 1396 1463 1445 superfluum
1490 1398 1597 1434 esset
1618 1397 1650 1434 si

136 1463 381 1506 spectatores
422 1471 493 1507 per
531 1459 738 1496 iambicum
774 1459 981 1507 prologum
1017 1464 1132 1496 antea
1166 1459 1305 1496 certius
1340 1459 1483 1508 aliquid
1518 1461 1567 1497 de
1603 1471 1650 1497 ea

134 1521 385 1570 accepissent.
448 1521 652 1560 Praeterea
691 1534 760 1560 eae
801 1522 1024 1571 tragoediae
1063 1526 1195 1570 partes
1235 1533 1330 1569 quas
1365 1521 1649 1571 Aristophanes

135 1583 294 1621 Thesm.
319 1595 415 1631 1032
435 1597 506 1633 sq„
540 1596 636 1632 1039
667 1584 863 1633 expressit
885 1585 1070 1632 chorique
1097 1584 1215 1637 verba
1235 1584 1386 1631 (Nauck
1404 1584 1539 1633 fragm.
1565 1586 1647 1634 120)

135 1648 342 1685 ostendere
387 1654 553 1697 possunt
587 1661 664 1697 qua
700 1648 846 1685 ratione
882 1647 1035 1685 fabulae
1071 1653 1341 1696 argumentum
1377 1653 1480 1686 certe
1515 1654 1649 1686 contra

134 1722 286 1747 morem
313 1711 563 1759 Euripideum
602 1723 691 1747 cum
728 1710 1009 1758 spectatoribus
1036 1710 1159 1758 possit
1184 1711 1468 1748 communicari.
1522 1711 1649 1748 Valde

133 1772 249 1821 igitur
274 1772 410 1810 dubito
434 1782 530 1810 'num
568 1770 770 1822 tragoedia
794 1773 1002 1822 Euripidea
1028 1784 1051 1809 a
1077 1770 1243 1821 prologo
1270 1772 1436 1810 iambico
1462 1772 1512 1810 ab
1538 1772 1648 1811 Echo

135 1836 297 1873 recitato
323 1836 523 1885 inceperit.
566 1836 608 1874 Si
635 1842 766 1873 autem
793 1836 1001 1884 prologum
1029 1836 1063 1873 ei
1090 1835 1335 1883 abrogamus.
1363 1848 1442 1873 non
1466 1841 1525 1873 est
1543 1836 1649 1884 quod

134 1898 293 1936 omnino
321 1911 408 1936 eam
434 1899 540 1947 apud
566 1898 795 1947 Euripidem
822 1899 859 1935 in
886 1909 1043 1936 scenam
1069 1898 1243 1946 prodisse
1268 1899 1533 1936 existimemus
1545 1898 1589 1947 ⁴).

238 1961 316 1999 Sed
343 1962 716 2010 quocumquemodo
741 1973 802 1998 res
829 1962 866 1998 in
892 1960 1093 2010 tragoedia
1116 1973 1158 1998 se
1177 1960 1306 2006 habet,
1334 1962 1384 1999 ad
1402 1962 1646 2000 comoediam

133 2030 326 2069 revertor,
369 2037 458 2062 cum
499 2036 549 2061 ne
588 2025 638 2062 de
674 2037 721 2062 ea
756 2025 911 2073 quidem
947 2024 1044 2060 inter
1076 2024 1214 2061 doctos
1249 2024 1426 2061 homines
1461 2025 1647 2069 convenit,

236 2138 262 2178 ¹)
283 2140 304 2170 1.
326 2140 347 2169 l.
368 2150 400 2179 p.
428 2140 475 2170 18.

233 2192 260 2231 ²)
281 2194 421 2232 Euripid.
443 2193 598 2223 restitutus
620 2193 651 2222 11
673 2202 704 2231 p.
730 2200 798 2230 344.

234 2245 261 2285 ⁸)
282 2246 440 2277 Sententia
460 2246 615 2275 Welckeri
639 2246 661 2276 1.
684 2254 711 2276 a.
734 2255 765 2284 p.
788 2245 857 2283 647.

233 2298 261 2338 ⁴)
280 2300 391 2340 Neque
412 2300 505 2329 verba
518 2299 735 2337 Aristophanis
757 2298 794 2330 ἐν
813 2299 898 2339 τῷδε
921 2297 1034 2338 ταύτῷ
1044 2299 1160 2341 χωρίῳ
1173 2320 1181 2328 .
1193 2320 1201 2328 .
1214 2320 1222 2329 .
1234 2295 1515 2342 ξυνηγωνιζόμην,
1538 2299 1648 2337 quibus

130 2354 246 2383 Robert
277 2353 459 2382 sententiam
492 2362 577 2381 suam
610 2352 800 2391 comprobari
832 2357 936 2391 putat,
974 2361 1073 2389 neque
1104 2352 1200 2381 schol.
1236 2358 1313 2390 1059
1344 2352 1418 2384 ἐπεὶ
1451 2349 1648 2394 εἰςήγαγε

129 2406 394 2439 κακοοτένακτον
426 2404 487 2445 τὴν
520 2401 611 2446 Ἠχὼ
643 2401 662 2435 ὀ
692 2403 886 2447 Εὐριπίδης
918 2404 1125 2444 quaestionem
1155 2405 1193 2434 ad
1223 2410 1338 2435 eertum
1366 2406 1458 2436 finem
1485 2406 1648 2445 perducere

128 2466 267 2499 possunt.
314 2460 442 2489 Etiamsi
471 2460 503 2488 in
533 2468 626 2488 scena
654 2468 717 2488 non
745 2461 885 2497 apparuit
906 2459 1010 2495 Echo,
1050 2459 1085 2489 ἐν
1115 2457 1225 2498 ταύτῷ
1253 2462 1369 2501 χωρίῳ
1401 2460 1647 2499 ξυνηγωνίζετο.

128 2513 230 2542 Verba
257 2510 371 2554 ’ῙΙχιι.ἰ,Δ
396 2508 507 2553 λόγων
539 2508 689 2550 ἆντῳδός
719 2516 799 2540 certe
826 2512 942 2551 tragico
973 2511 1067 2540 tincta
1095 2516 1165 2540 sunt
1193 2512 1294 2541 colore
1323 2517 1353 2542 et
1376 2522 1413 2542 ex
1433 2512 1500 2551 ipsa
1521 2512 1649 2541 fortasse

127 2567 285 2605 tragoedia
310 2566 524 2605 commodata3
555 2571 658 2595 tamen
687 2565 838 2595 nescimus
865 2575 939 2596 num
961 2564 1050 2594 etiam
1078 2564 1110 2594 in
1131 2564 1296 2606 Euripideo
1317 2566 1453 2596 dramate
1474 2565 1540 2605 ipsa
1561 2564 1648 2595 Eeho

126 2629 163 2649 ea
188 2620 448 2659 pronuntiaverit,
482 2629 552 2649 cum
574 2619 812 2657 Aristophanem
841 2619 960 2658 saepius
982 2618 1113 2656 tragicos
1135 2628 1236 2649 versus
1259 2621 1325 2649 aliis
1348 2619 1483 2658 personis
1504 2618 1645 2648 tribuisse

126 2683 218 2712 supra
239 2673 417 2703 viderimus.

1751 2633 1780 2645 .-
