1826 3088
7 2498 73 2576 E*-

48 2621 73 2650 x
49 2498 84 2534 ,3

865 1034 867 1036 ’
899 1029 926 1065 Ι.

541 1132 624 1174 DE
656 1131 952 1174 HELENAE
969 1131 1278 1175 PARODIA.

264 1313 308 1349 In
328 1313 528 1361 parodiam
542 1312 814 1360 Aristophanis
835 1313 1107 1360 inquisiverunt
1121 1312 1300 1350 Taeuber
1308 1314 1349 1361 ¹),
1369 1313 1431 1350 W.
1443 1313 1619 1350 Ribbeck
1631 1314 1660 1361 2)

156 1375 188 1422 J.
215 1387 289 1411 van
316 1375 550 1423 Leeuwen⁸)
577 1381 694 1423 atque
721 1387 814 1423 prae
841 1376 975 1412 ceteris
1002 1381 1178 1412 accurate
1197 1376 1260 1412 W.
1280 1376 1329 1412 H.
1357 1388 1432 1412 van
1459 1377 1507 1412 de
1532 1375 1660 1413 Sande

161 1437 461 1486 Bakhuyzen4),
498 1438 563 1486 qui
590 1438 763 1486 singulos
789 1438 899 1474 locos
923 1439 1200 1475 commentario
1229 1438 1474 1475 illustrandos
1501 1440 1658 1475 curavit.

160 1499 312 1538 Tamen
339 1513 416 1538 non
443 1500 678 1550 superfluum
705 1501 963 1542 videturesse
990 1502 1152 1538 eandem
1182 1502 1382 1538 materiam
1400 1502 1526 1538 denuo
1547 1514 1659 1539 nova-

160 1575 235 1611 que
263 1565 463 1613 proposita
490 1565 636 1601 ratione
662 1569 846 1609 tractare;
875 1576 962 1600 nam
986 1564 1038 1601 illi
1065 1576 1155 1601 cum
1182 1576 1318 1601 omnes
1337 1566 1491 1612 quaein
1511 1565 1659 1602 Aristo—

159 1627 296 1674 phanis
323 1627 460 1664 fabulis
478 1628 605 1665 insunt
624 1626 804 1676 parodias
824 1626 1195 1675 comprehendentes
1213 1628 1334 1664 maius
1352 1640 1449 1664 onus
1468 1628 1660 1665 subissent

158 1700 285 1735 neque
311 1690 348 1725 in
365 1690 523 1737 singulis
545 1690 660 1725 rebus
677 1695 826 1726 tantum
845 1690 955 1726 studii
975 1701 1020 1725 ac
1039 1679 1259 1736 diligentiae
1277 1690 1469 1726 collocare
1486 1697 1657 1738 possent,

158 1757 346 1799 quantum
373 1758 578 1798 merentur,
606 1752 697 1789 satis
725 1751 957 1797 habuerunt,
996 1764 1042 1789 ea
1069 1764 1169 1801 quae
1196 1757 1314 1801 poeta
1340 1753 1510 1789 comicus
1537 1764 1559 1789 e
1586 1758 1658 1789 tra-

157 1816 305 1863 goediis
349 1816 563 1864 desumpsit
600 1816 661 1853 vel
700 1816 782 1864 ipse
822 1816 872 1852 ad
910 1816 1143 1863 tragicorum
1182 1816 1467 1853 similitudinem
1508 1814 1658 1853 effinxit

156 1878 317 1922 eruisse,
359 1878 482 1927 ipsam
520 1891 613 1915 vero
652 1878 835 1927 parodiae
868 1884 990 1915 artem
1026 1884 1065 1915 et
1101 1879 1289 1915 rationem
1324 1890 1401 1915 non
1436 1879 1654 1926 tetigerunt.

155 1940 239 1978 Nos
272 1953 387 1978 unam
414 1941 900 1990 Thesmophoriazusarum
931 1940 1101 1979 fabulam
1128 1942 1165 1978 in
1191 1941 1458 1990 quaestionem
1484 1941 1656 1979 vocaturi

156 2015 307 2049 sumus;
344 2001 474 2052 itaque
509 2017 597 2041 cum
632 2010 783 2053 partem
822 2004 946 2042 solum
982 2005 1108 2041 oneris
1134 2005 1433 2053 susceperimus,
1470 2005 1655 2041 maiorem

156 2066 393 2115 diligentiam
420 2069 471 2105 ad
496 2067 759 2106 sustinendam
786 2080 873 2105 eam
899 2067 1080 2105 adhibere
1107 2067 1218 2105 nobis
1245 2067 1383 2105 licebit.

258 2129 338 2167 Suo
370 2131 450 2167 iure
483 2132 516 2168 is
542 2132 616 2178 qui.
634 2131 814 2179 parodias
841 2130 1328 2179 Thesmophoriazusarum
1355 2135 1536 2168 excutere
1560 2130 1653 2174 vult,

156 2193 301 2230 initium
327 2192 441 2230 faciet
467 2193 516 2231 ab
536 2193 708 2231 Helenae
734 2194 903 2243 parodia.
938 2192 1042 2231 Nam
1059 2206 1149 2231 cum
1167 2199 1318 2231 ceterae
1337 2205 1436 2240 quae
1454 2193 1655 2229 irridentur

153 2256 376 2304 tragoediae
403 2251 539 2294 omnes
564 2258 754 2306 perierint,
783 2257 972 2294 Helenam
997 2269 1090 2295 vero
1117 2257 1364 2306 superstitem
1386 2268 1471 2293 esse
1489 2256 1653 2304 gaudea-

153 2330 250 2364 mus,
278 2318 452 2357 illa‘sola
478 2332 566 2357 cum
593 2320 753 2368 parodia
771 2318 1057 2368 Aristophanea
1084 2325 1309 2369 comparata
1330 2320 1432 2356 viam
1450 2320 1653 2356 ostendere

256 2468 282 2508 ι)
301 2470 350 2500 De
369 2480 424 2500 usu
439 2470 583 2510 parodiae
598 2470 680 2509 apud
694 2469 938 2509 Aristophanem,
963 2480 1064 2509 progr.
1077 2469 1306 2509 Joachimsthal.
1324 2479 1429 2508 gymn.
1444 2470 1542 2499 Berol.
1565 2468 1652 2506 1849.

255 2521 282 2562 ¹)
302 2524 335 2554 Z.
357 2523 380 2554 f.
401 2524 433 2553 d.
457 2524 495 2553 G.
517 2523 611 2553 XVII
633 2524 807 2562 321—348.
832 2523 910 2553 Berl.
936 2523 1027 2562 18633
1056 2524 1138 2553 idem
1168 2524 1201 2553 in
1222 2523 1391 2562 appendice
1412 2521 1653 2552 Acharnensium

150 2575 302 2610 editionis.
324 2577 446 2617 Lipsiae
471 2577 558 2614 1864.

252 2628 278 2667 ³)
298 2631 347 2660 De
367 2631 571 2669 Aristophane
592 2630 747 2668 Euripidis
768 2640 901 2666 censore,
924 2630 1093 2660 Amstelod.
1119 2630 1208 2667 1876.

252 2681 279 2719 4)
300 2683 348 2711 De
369 2683 495 2721 parodia
516 2683 548 2711 in
569 2683 733 2712 comoediis
754 2682 976 2721 Aristophanis,
1001 2683 1128 2712 Utreeht
1151 2683 1239 2719 1877.

210 2738 335 2778 Lange.
