1826 3088
794 264 1048 303 -42'-.

162 359 276 403 iuvat,
305 358 405 395 unde
432 358 521 395 talis
548 358 699 396 licentia
726 364 811 396 orta
838 359 897 396 sit.
951 360 1208 397 Revertamur
1233 359 1349 407 igitur
1375 360 1424 395 ad
1452 372 1520 396 eos
1549 360 1667 403 locos,

161 422 298 470 quibus
325 427 485 470 poetam
513 435 554 459 se
582 423 772 460 remisisse
799 423 1152 461 animadvertimus.
1251 425 1253 427 ’

263 484 530 522 Offensionem
558 486 736 534 praebuit
761 498 854 535 prae
882 487 1038 531 ceteris,
1074 486 1178 533 quod
1201 498 1236 523 v.
1267 495 1342 534 279
1365 497 1476 522 serva
1505 485 1668 523 Thratta

159 548 273 597 plane
310 561 361 585 ex
388 550 600 597 improviso
627 550 826 587 inducitur.
880 549 1010 598 Digna
1036 550 1185 586 videtur
1211 561 1290 593 res,
1329 560 1428 597 quae
1456 549 1668 587 accuratius

159 612 385 649 excutiatur.
439 612 643 660 Euripides
661 646 663 648 ,
679 612 962 650 Mnesilochum
999 613 1036 649 in
1071 612 1425 661 Thesmophorium
1461 612 1515 648 ire
1551 612 1666 657 iubet,

159 687 247 710 cum
280 676 432 722 signum
470 676 661 712 contionis
695 676 771 712 iam
806 676 843 711 in
877 677 973 712 aede
1010 663 1209 723 appareat.⁴
1265 674 1406 712 Affinis
1444 674 1668 722 obsequitur

157 737 307 785 tragico
343 737 512 775 hortanti
548 750 674 786 neque
710 750 803 774 vero
838 737 944 774 solus
980 738 1050 774 iter
1083 738 1311 785 ingreditur,
1353 738 1421 774 sed
1459 738 1666 775 comitante

157 811 287 844 serva,
325 801 373 837 de
410 813 488 848 qua
523 802 573 837 ad
609 801 647 837 id
683 806 835 848 tempus
869 799 960 836 nihil
996 800 1263 847 comperimus.
1317 800 1522 838 Undenam
1558 802 1667 839 adest

156 861 244 899 illa?
293 862 397 899 Num
433 875 457 900 a
479 863 680 911 principio
721 862 872 899 fabulae
910 875 997 899 eam
1036 863 1073 899 in
1113 875 1228 899 scena
1269 862 1383 900 fuisse
1423 864 1667 911 putabimus?

157 924 281 961 Multa
325 926 550 974 impediunt.
616 926 754 974 Neque
801 926 901 961 enim
942 925 1203 962 Mnesilochus
1253 926 1381 962 statim
1427 939 1477 963 ex
1514 927 1667 976 prologi

155 987 262 1024 initio
299 988 501 1025 consilium
537 988 640 1036 cepit
666 988 728 1024 vel
756 987 902 1035 cepisse
930 986 1104 1033 fingitur,
1142 988 1343 1025 mulierum
1370 989 1539 1026 contioni
1566 989 1664 1026 clam

154 1050 348 1089 interesse.
405 1052 543 1100 Itaque
578 1051 610 1088 si
645 1064 721 1088 una
756 1044 850 1088 curn*
879 1062 927 1102 eo
953 1050 1215 1099 Euripideque
1251 1051 1412 1089 comites
1452 1052 1601 1101 aliquos
1628 1052 1666 1089 in
1698 1073 1702 1078 ·

155 1122 311 1150 scenam
347 1115 523 1163 prodisse
560 1115 799 1162 putabimus,
835 1114 872 1149 id
909 1115 1014 1161 quod
1042 1119 1217 1150 veterum
1241 1127 1348 1151 more
1376 1127 1507 1151 revera
1535 1121 1663 1163 postu-

154 1176 264 1221 latur,
302 1190 380 1214 non
408 1178 457 1214 de
484 1190 596 1214 serva
621 1178 690 1214 sed
717 1177 765 1213 de
792 1188 905 1213 servo
933 1176 1184 1224 cogitandum
1212 1182 1331 1220 esset,
1369 1177 1434 1226 qui
1460 1183 1599 1225 postea
1625 1179 1661 1215 in

153 1239 237 1287 ipsa
265 1252 380 1276 scena
408 1240 510 1277 haud
536 1240 646 1277 aliter
673 1245 790 1287 atque
817 1240 899 1286 ipse
919 1238 1382 1277 Mnesilochusmuliebri
1409 1246 1516 1276 veste
1535 1247 1663 1289 tegen-

153 1302 225 1338 dus
253 1308 345 1339 erat.
399 1303 603 1340 Praeterea
630 1303 794 1339 Thratta
829 1301 1018 1349 quasdam
1056 1313 1124 1350 res,
1153 1301 1201 1338 ad
1227 1313 1379 1338 sacrum
1408 1301 1663 1351 faciendum1)

153 1376 285 1400 secum
313 1365 436 1409 affert,
467 1378 566 1413 quae
594 1366 644 1402 ab
672 1366 777 1401 initio
805 1363 957 1401 fabulae
986 1364 1152 1400 adfuisse
1180 1376 1256 1400 non
1283 1371 1464 1412 possunt,
1501 1366 1553 1402 ob
1580 1377 1665 1403 ean-

151 1427 242 1463 dem
271 1440 388 1476 quam
415 1441 532 1477 supra
558 1428 758 1465 attulimus
786 1438 953 1470 causam,
982 1426 1126 1463 scilicet
1154 1427 1259 1474 quod
1287 1427 1539 1472 Mnesilocho,
1576 1440 1664 1464 curn

150 1490 188 1527 in
215 1503 371 1528 scenam
399 1488 598 1541 prodibat,
636 1492 807 1534 nondum
835 1490 884 1527 de
912 1489 1163 1527 sacrificando
1193 1490 1364 1538 cogitare
1393 1484 1562 1528 licebat.'
1596 1491 1663 1528 Pu-

150 1554 367 1592 tabimusne
405 1556 519 1604 igitur
553 1568 707 1593 servam
742 1555 855 1592 tacite
891 1553 1009 1602 paulo
1044 1559 1252 1603 antequam
1282 1554 1541 1592 Mnesilochus
1575 1567 1662 1592 eam

149 1619 258 1665 sequi
285 1619 414 1656 iubeat
441 1620 503 1655 vel
531 1620 671 1656 eodem
696 1619 853 1655 demum
881 1606 1068 1669 temporis
1097 1623 1295 1663 momento
1321 1620 1517 1666 prodisse.
1558 1619 1664 1657 nullo

133 1680 352 1727 indicante,
378 1681 569 1726 hortante,
598 1680 813 1731 probante?
866 1680 1034 1728 Mitigari
1061 1680 1212 1716 videtur
1239 1693 1308 1725 res,
1349 1682 1454 1730 quod
1479 1682 1527 1719 de
1556 1688 1662 1719 muta

149 1756 249 1792 quae
285 1745 424 1782 dicitur
458 1758 624 1793 persona
661 1756 785 1791 eaque
822 1738 1106 1791 serva'agitur.
1160 1743 1296 1791 Neque
1330 1746 1431 1781 enim
1459 1746 1663 1794 quisquam

147 1807 320 1855 ignorat,
358 1820 489 1845 servos
521 1808 620 1845 sicut
656 1808 694 1844 in
730 1807 807 1843 vita
844 1806 1038 1843 cotidiana
1072 1807 1123 1843 ita
1158 1806 1195 1842 in
1232 1818 1347 1844 scena
1383 1813 1422 1844 et
1450 1809 1597 1845 comica
1625 1814 1664 1845 et

147 1871 295 1918 tragica
320 1871 424 1908 nihili
451 1871 530 1908 fere
558 1871 751 1908 aestimari
779 1882 905 1918 neque
933 1870 1002 1906 nisi
1028 1870 1255 1917 particulam
1283 1871 1391 1918 quasi
1410 1876 1449 1908 et
1467 1871 1605 1908 scenici
1624 1877 1663 1909 et

150 1933 269 1971 civilis
304 1939 514 1982 apparatus
550 1934 693 1970 haberi.
748 1932 906 1979 Ubique
941 1932 1056 1979 igitur
1080 1928 1218 1968 adsunt
1244 1939 1444 1980 tamquam
1473 1946 1534 1970 res
1561 1946 1661 1981 quae

147 2010 171 2034 a
196 2003 330 2035 natura
357 1997 616 2046 postulaturss)
652 2009 818 2045 cumque
855 1995 918 2032 vili
947 2007 1081 2031 eorum
1108 1996 1233 2043 pretio
1258 1997 1451 2034 consentit
1477 1997 1583 2045 quod
1610 1997 1661 2035 in-

147 2059 305 2097 definito
332 2072 450 2108 saepe
476 2061 705 2108 pronomine
723 2058 1036 2107 significanturss).
1081 2058 1217 2106 Itaque
1235 2071 1313 2095 non
1331 2060 1445 2096 valde
1466 2060 1659 2105 miramur,

146 2124 252 2171 quod
291 2123 598 2172 Aristophanem
644 2123 681 2159 in
720 2121 929 2159 tractandis
970 2132 1169 2158 servorum
1208 2122 1383 2170 personis
1423 2122 1577 2159 liberius
1617 2134 1659 2159 se

144 2191 346 2233 gerentem
364 2186 553 2224 videmus.
597 2186 683 2222 Hac
709 2185 855 2221 ratione
875 2189 917 2220 ut
936 2184 1161 2232 exemplum
1180 2184 1340 2221 afferam
1360 2185 1490 2222 Mania
1508 2198 1619 2222 serva
1628 2186 1659 2233 ⁴²)

251 2333 277 2372 ¹)
297 2334 423 2363 Thesm.
447 2334 523 2370 284:
550 2326 575 2364 ὦ
599 2334 732 2374 Θρᾷττα
754 2330 813 2371 τὴν
833 2336 950 2371 κίστην
972 2330 1126 2363 κατάθου
1147 2329 1217 2363 κᾶτ’
1242 2331 1329 2366 ἔξελε
1351 2330 1393 2364 τὰ
1416 2330 1568 2365 πόπανα.

248 2385 274 2425 5⁸)
294 2388 402 2426 Itaque
428 2387 539 2426 aliquis
567 2385 673 2430 μόνος
701 2386 872 2425 appellatur
901 2386 956 2415 etsi
984 2374 1060 2415 servi
1087 2396 1156 2415 eum
1189 2386 1388 2416 comitantur:
1421 2386 1527 2425 Eurip.
1550 2387 1662 2417 Electr-

145 2441 205 2469 628
228 2450 274 2479 sq.
338 2440 341 2443 '

495 2490 612 2524 πόσων
632 2489 702 2536 μετ’
728 2489 882 2532 ἀνθρώπω·
904 2488 924 2531 ἢ
944 2488 1050 2534 μόνος
1072 2489 1196 2534 δμώων
1216 2494 1319 2534 μέτα,-

494 2564 533 2569 ——
555 2547 667 2582 οὐδεὶς
689 2547 802 2587 παρῆν
820 2547 974 2588 Λργεΐος,
997 2547 1104 2578 οἰκεία
1127 2546 1165 2578 δὲ
1183 2549 1270 2587 χείρ.

246 2599 272 2636 ²³)
293 2601 417 2630 Thesm.
441 2601 514 2638 238:
541 2597 707 2641 ἐνεγκάτω
729 2611 779 2634 τις
801 2597 943 2630 &vad-9221
965 2598 1045 2640 δᾷδ’
1071 2596 1091 2638 ἢ
1113 2598 1247 2641 λύχνον.

246 2652 273 2691 ⁴)
293 2654 417 2683 Thesm.
442 2653 500 2691 728
523 2663 591 2693 sqq.
