1826 3088
150 331 306 381 pideum
333 330 478 368 irritum
506 328 571 378 fit,·
596 334 722 367 utrem
749 328 825 371 vini
846 328 1003 378 plenum
1031 341 1102 379 pro
1128 328 1270 366 infante
1294 329 1462 378 arripuit.
1516 328 1652 377 Itaque

151 394 291 431 Oeacis
318 394 464 430 ratione
492 393 675 429 auxilium
692 391 886 439 Euripidis
912 393 1117 441 implorare
1145 393 1351 431 constituit.
1388 392 1466 430 Sed
1484 393 1653 440 tragicus

149 456 216 495 τὸν
240 455 487 506 Παλαμήδην
512 449 663 506 ψυχρόν
690 450 772 493 ὅντ’
802 450 1036 502 αἰσχύνεται.
1091 455 1249 492 Frustra
1275 454 1537 492 Mnesilochus
1564 467 1652 492 eum

150 519 322 556 subsidio
355 524 557 556 venturum
576 530 679 555 >esse
714 522 899 565 expectat
931 530 1020 555 curn
1059 518 1203 554 interea
1237 518 1375 555 chorus
1410 519 1448 554 in
1475 518 1653 565 parabasi

151 581 352 619 mulierum
372 573 538 619 *virtutes
563 581 740 618 laudibus
767 580 888 618 effert.
942 580 1046 617 Tum
1072 580 1239 625 demum,
1276 586 1486 629 postquam
1516 581 1668 634 Mnesi3

150 644 285 681 Iochus
325 656 466 681 novam
503 644 675 680 Helenae
716 655 922 691 personam
960 644 1148 691 suscepit,
1182 644 1384 692 Euripides
1423 645 1460 680 in
1496 657 1652 681 scenam

151 708 345 760 procedit,
387 707 455 744 sed
494 706 679 755 praesidis
710 703 881 743 adventu
920 705 1061 743 infecta
1100 718 1140 742 re
1179 718 1307 743 rursus
1345 706 1449 743 abire
1489 708 1652 755 cogitur.

150 770 291 808 Affinis
327 772 375 808 de
410 770 534 808 salute
567 770 767 819 desperat:
810 765 881 808 οὐκ
915 765 995 809 ἐστ’
1026 765 1081 808 ἔτ’
1114 767 1231 816 ἐλπίς
1257 765 1421 819 οὐδεμία
1448 767 1651 820 σωτηρίας.

151 834 287 881 Neque
314 840 444 871 tamen
465 834 667 882 Euripides
695 834 858 882 impiger
883 845 993 882 spem
1013 833 1239 870 Mnesilochi
1265 834 1448 871 liberandi
1474 835 1650 882 perdidit.

150 896 208 933 Illi
236 908 442 945 personam
469 897 746 933 Andromedae
774 897 1003 933 sumendam
1030 897 1155 940 tradit,
1191 897 1273 944 ipse
1300 909 1342 933 se
1368 896 1494 933 Persei
1520 903 1650 945 partes

151 965 324 997 acturum
362 972 447 997 esse
482 961 632 997 indicat.
685 958 763 997 Sed
798 959 1022 1008 priusquam
1055 959 1092 995 id
1127 960 1232 1006 quod
1259 958 1454 1007 professus
1481 966 1540 997 est
1568 973 1649 1008 per-

151 1022 264 1066 ficiat,
289 1036 324 1060 v.
358 1023 454 1073 1056
481 1023 676 1071 inopinate
704 1028 745 1060 ut
771 1023 881 1059 Echo
908 1023 946 1059 in
970 1034 1125 1059 scenam
1152 1023 1289 1070 prodit.
1334 1022 1556 1071 Euripidem
1581 1035 1651 1071 per

150 1085 281 1122 Echus
307 1083 513 1133 personam
541 1085 822 1122 Mnesilochum
847 1086 1009 1122 liberare
1036 1086 1191 1133 nequire
1219 1074 1398 1133 appare&
1428 1092 1512 1123 tota
1539 1087 1651 1134 igitur
1673 1135 1675 1137 v

151 1160 274 1196 usque
300 1148 350 1184 ad
376 1160 412 1184 v.
437 1156 531 1195 1097
559 1159 674 1184 scena
701 1160 722 1184 e
750 1147 879 1184 fabula
904 1148 1018 1196 plane
1045 1148 1197 1185 excidit.
1243 1148 1332 1196 Ipsa
1359 1148 1459 1184 actio
1486 1148 1650 1195 aliquan-

97 1229 99 1231 ·
151 1216 234 1247 tum
260 1202 447 1258 temporis
473 1211 640 1258 spatium
666 1211 804 1248 insistit
830 1223 953 1259 neque
978 1211 1184 1259 quicquam
1204 1212 1456 1259 progreditur.
1502 1210 1650 1248 Tamen

152 1285 234 1310 non>
257 1279 316 1310 est
342 1286 408 1312 cur
437 1274 599 1310 Textori
611 1275 640 1321 ¹)
668 1275 920 1311 assentiamur
946 1274 1173 1322 suspicanti:
1216 1280 1331 1311 »statt
1354 1274 1489 1311 dessen
1515 1275 1570 1311 ist
1594 1275 1651 1311 die

152 1337 268 1385 lange
285 1336 620 1385 Echogeschz'clcQ
640 1337 909 1374 vz'elleiclzt
927 1350 1089 1386 gegen
1110 1337 1199 1373 den
1223 1337 1650 1386 ursprz'ingliclzen

151 1398 296 1445 Plan,
317 1400 626 1448 eingeschoben«.
661 1400 731 1436 Illa
748 1401 982 1447 digrediendi
1002 1401 1098 1436 ratio
1112 1390 1265 1447 proprie
1275 1400 1562 1447 Aristophanea
1579 1407 1648 1437 est.

100 1485 103 1488 -
151 1463 293 1500 Poetae
322 1469 363 1500 ut
390 1464 428 1500 id
451 1465 556 1512 quod
573 1463 644 1500 sibi
662 1464 865 1512 proposuit
879 1469 1105 1511 assequatur
1124 1463 1207 1501 sola
1224 1463 1350 1501 Persei
1368 1475 1533 1511 persona
1552 1475 1649 1512 opus

152 1532 222 1567 est.
264 1525 345 1563 Sed
371 1528 572 1563 occasione
599 1527 731 1564 oblata
758 1527 882 1563 facere
909 1539 985 1562 non
1011 1532 1152 1574 potest,
1180 1527 1271 1573 quin
1288 1539 1309 1563 e
1327 1528 1525 1574 tragoedia
1542 1528 1651 1564 Echo

153 1602 308 1638 quoque
338 1590 452 1638 plane
477 1602 803 1638 supervacaneam
827 1591 1032 1627 desumens
1058 1596 1258 1638 tamquam
1284 1602 1490 1638 personam
1523 1590 1651 1638 inepte
1701 1608 1703 1610 ·

152 1652 203 1689 ab
230 1652 411 1700 Euripide
438 1654 631 1689 inventam
659 1653 803 1690 illudat.
856 1646 1013 1689 Estres
1039 1654 1089 1689 ad
1116 1653 1302 1689 rationem
1325 1653 1651 1700 Aristophaneam

152 1716 250 1754 bene
284 1716 868 1765 perspiciendam.gravissima;
904 1716 1067 1753 vidimus
1100 1728 1214 1764 supra
1250 1716 1365 1752 etiam
1401 1716 1651 1764 Agathonem

111 1812 114 1814 .
153 1780 291 1816 eadem
331 1781 379 1816 de
421 1792 538 1817 causa
576 1780 613 1817 in
651 1781 894 1817 comoediam
933 1781 1139 1828 irrepsisse.
1201 1779 1330 1816 Echus
1370 1792 1461 1816 vero
1496 1792 1651 1817 scenam

151 1844 422 1880 tantummodo
458 1844 591 1892 tragici
629 1844 775 1881 ridendi
810 1845 931 1890 gratia
967 1844 1037 1892 ipsi
1074 1843 1224 1880 fabulae
1259 1843 1439 1879 insertam
1474 1856 1557 1880 esse
1591 1843 1651 1880 vel

153 1906 244 1943 illud
280 1912 410 1956 potest
441 1908 604 1951 docere,
642 1908 748 1955 quod
783 1908 864 1955 ipse
891 1907 1111 1955 Euripides,
1151 1908 1214 1954 qui
1250 1908 1287 1943 in
1322 1908 1458 1943 ceteris
1485 1908 1652 1955 parodiis

152 1969 340 2016 tragicam
367 1982 484 2017 quam
512 1971 673 2007 sustinet
688 1976 904 2018 'personam
934 1969 1099 2006 fideliter
1125 1975 1268 2013 servat,
1291 1970 1328 2005 in
1346 1969 1475 2006 Echus
1494 1971 1652 2017 agendis

152 2031 325 2078 partibus
352 2033 450 2067 adeo
479 2033 639 2068 modum
666 2033 838 2076 excedit,
874 2021 1056 2068 ut'etiam
1084 2031 1361 2075 Mnesilochus,
1399 2032 1497 2068 fidus
1524 2033 1586 2068 ille
1614 2039 1653 2068 et

153 2093 410 2142 periculorum
445 2100 483 2131 et
518 2096 804 2143 tragoediarum
840 2095 983 2138 socius,
1022 2107 1064 2131 se
1098 2094 1178 2131 istis
1205 2094 1355 2141 ineptiis
1381 2094 1495 2142 plane
1523 2093 1651 2130 defati-

152 2163 286 2204 gatum
327 2170 410 2194 esse
451 2161 676 2194 confiteatur
715 2160 828 2206 (1074
863 2159 974 2205 sqq).
1035 2158 1106 2195 Per
1145 2158 1236 2194 satis
1274 2158 1442 2205 longum*
1469 2158 1652 2205 temporis

151 2220 318 2268 spatium
358 2220 468 2257 Echo
509 2220 735 2257 Mnesilochi
776 2220 1022 2269 Scythaeque
1061 2220 1334 2260 detestationes
1375 2221 1524 2264 recinit;
1569 2226 1652 2255 tum

152 2285 308 2320 demum
346 2285 447 2321 actio
483 2286 675 2333 procedit:
718 2285 919 2333 Euripides
945 2284 1072 2321 Persei
1099 2296 1262 2332 persona
1289 2284 1445 2320 tandem
1474 2289 1653 2332 suscepta

153 2347 280 2382 denuo
317 2347 568 2394 periclitatur,
610 2349 639 2383 si
676 2348 831 2384 affinem
866 2360 975 2384 suum
1004 2348 1163 2384 liberare
1190 2348 1322 2394 possit.
1378 2347 1456 2383 Sed
1484 2360 1530 2383 ne
1558 2349 1653 2383 haec

154 2460 336 2488 Mnesilochi
358 2460 550 2489 tribuendum
574 2467 627 2498 est,
654 2462 708 2490 sed
724 2466 879 2490 accuratae
901 2459 1030 2497 Telephi
1052 2460 1220 2495 imitationi,
1255 2470 1331 2497 quae
1354 2460 1444 2487 talem
1467 2452 1652 2487 defensionis

153 2512 298 2540 rationem
320 2513 463 2550 postulat,
488 2513 519 2540 id
542 2514 624 2550 quod
645 2514 754 2551 fragm.
772 2521 826 2550 711
852 2512 919 2543 εἶτα
942 2509 980 2541 ‹5r‘
1006 2510 1210 2553 θυμούμεθα
1233 2509 1401 2546 παθόντες
1423 2509 1525 2541 οὐδὲν
1538 2512 1653 2553 μεῖζον

153 2562 173 2602 ἢ
195 2562 389 2606 δεδρακᾴτες
411 2576 446 2594 ex
470 2565 541 2603 ipsis
564 2566 744 2595 Mnesilochi
767 2554 862 2594 irerbis
884 2566 1021 2594 haustum
1044 2566 1237 2594 demonstrat.

255 2616 280 2655 1)
302 2619 369 2646 Zur
391 2619 609 2646 dramatisclzen
637 2619 666 2646 Τ
663 2619 766 2646 eclmik
788 2619 837 2646 des
860 2619 1075 2655 Aristophanes
1096 2618 1142 2651 ll,
1167 2618 1275 2646 Stettin
1300 2618 1407 2654 Progr.
1436 2618 1521 2652 1885
1545 2618 1576 2646 S.
1605 2626 1652 2646 ll.

1366 2667 1408 2705 3*
