1826 3088
804 232 1033 271 -7-

165 326 395 374 Euripideae
408 325 564 362 rationis
576 317 860 361 similitudinem
874 322 1041 360 effictam
1057 335 1154 361 esse.
1175 324 1219 360 In
1232 324 1432 372 tragoedia
1444 336 1480 360 v.
1495 332 1565 371 555
1583 335 1669 371 sqq.

166 389 350 437 coniuges
383 389 480 425 inter
519 399 561 425 se
596 391 812 436 agnoscunt
847 386 899 423 ita
933 391 976 423 ut
1002 385 1151 423 Helena
1185 386 1257 423 ubi<
1284 386 1451 434 primum
1477 387 1514 423 in
1541 386 1670 423 Protei

167 452 386 501 sepulcrum
422 450 579 499 refugit,
618 450 798 487 Menelao
838 448 972 487 faciem
1000 461 1108 485 suam
1137 440 1326 487 ostendat.
1382 449 1472 498 Quo
1500 450 1670 498 recogni-

167 515 279 552 tionis
315 525 457 563 genere
494 525 582 551 cum
618 514 672 549 uti
699 512 818 550 nollet
844 518 960 560 poeta
987 512 1176 556 comicus,
1214 525 1261 549 ne
1288 513 1369 561 ipse
1397 525 1438 549 se
1466 513 1670 550 occasione

167 578 318 615 iocandi
343 578 520 626 privaret,
554 581 732 613 ornatum
759 573 930 611 Helenae
959 576 1023 621 qui
1051 575 1087 611 in
1114 576 1314 623 tragoedia
1339 578 1554 624 posteriore
1581 576 1670 613 loco

169 654 203 678 v.
231 640 327 677 1186
344 651 430 687 sqq.
458 639 629 687 aliasque
656 638 708 675 ob
736 648 871 673 causas
897 642 1110 685 usurpatur,
1140 638 1177 673 in
1204 638 1302 674 hane
1327 639 1451 686 ipsam
1478 640 1671 676 transtulit

171 707 326 740 scenam
354 701 715 749 Mnesilochumque
750 695 868 750 φάρει
905 697 1123 744 καλυπτόν,
1163 701 1288 748 capite
1315 701 1458 739 scilicet
1482 702 1670 739 obvoluto

172 767 208 803 in
236 778 302 802 ara
327 765 526 802 sedentem
554 763 676 801 finxit.
725 763 860 811 Itaque
879 775 966 800 cum
985 775 1054 811 per
1074 763 1351 812 quinquaginta
1369 777 1502 802 versus
1522 765 1671 802 iocandi

170 828 419 877 cupiditatem
455 827 646 875 implevit,
684 838 719 863 v.
748 836 818 873 901
860 821 1118 874 ἀναγνώρισις
1143 826 1325 874 Euripide
1361 828 1476 875 digna
1488 829 1517 875 ¹)
1553 827 1597 864 fit
1623 840 1671 864 eo

171 890 276 939 quod
311 889 736 927 Mnesilochus-Helena
777 900 916 926 nomen
953 888 1118 925 Menelai
1158 894 1342 938 tanquam
1382 890 1551 928 absentis
1586 902 1671 938 pro-

170 954 328 991 nuntiat.
700 958 703 961 ’

272 1014 409 1063 Neque
447 1013 553 1060 quod
593 1014 642 1049 ad
681 1013 874 1050 scenicum
908 1014 1045 1049 attinet
1079 1020 1307 1062 apparatum
1344 1016 1548 1051 comoedia
1584 1026 1672 1051 cum

171 1077 373 1127 tragoedia
400 1089 476 1114 non
504 1076 709 1124 conspirat.
752 1074 1050 1124 Thesmophorii
1075 1077 1190 1114 aedes
1214 1077 1373 1114 domum
1393 1077 1673 1125 Theoclymeni

172 1146 453 1190 repraesentat;
482 1152 548 1176 ara
567 1140 604 1175 in
625 1151 740 1187 quam
760 1138 1018 1175 Mnesilochus
1036 1139 1185 1187 refugit,
1206 1140 1288 1177 vice
1308 1140 1477 1189 fungitur
1496 1141 1672 1189 sepulcri,

175 1205 212 1241 in
258 1216 335 1252 quo
376 1202 527 1240 Helena
572 1201 609 1238 in
653 1201 852 1250 tragoedia
895 1202 1047 1238 assidet.
1114 1201 1283 1239 Ornatus
1323 1203 1550 1240 Mnesilochi
1561 1203 1591 1251 2)
1637 1210 1675 1240 et

174 1266 387 1314 Helenae⁸>
422 1277 539 1315 quam
577 1265 747 1302 maxime
785 1265 880 1301 inter
919 1277 961 1302 se
997 1266 1248 1302 consentiunt.
1311 1266 1371 1303 De
1407 1266 1599 1316 Euripidis
1637 1268 1674 1303 in

173 1329 583 1377 Thesmophoriazusis
610 1328 742 1364 habitu
768 1327 910 1364 nullam
937 1329 1173 1365 mentionem
1200 1328 1324 1365 facere
1351 1331 1501 1367 videtur
1527 1329 1674 1367 Aristo-

175 1392 343 1441 phanes3
379 1396 419 1427 at
454 1391 489 1427 in
518 1390 668 1426 Helena
703 1389 882 1437 permulti
908 1390 1148 1427 inveniuntur
1174 1391 1266 1434 loci,
1303 1403 1324 1427 e
1352 1393 1491 1439 quibus
1519 1405 1597 1441 quo
1626 1394 1674 1428 in-

174 1455 331 1491 cesserit
357 1454 556 1490 Menelaus
592 1458 727 1489 ornatu
764 1453 942 1500 colligere
978 1454 1141 1501 liceat4).
1195 1454 1374 1501 Apparet
1407 1468 1496 1492 eum
1532 1456 1568 1491 in
1604 1462 1675 1491 tra-

174 1517 314 1565 goedia
354 1522 395 1553 ut
434 1515 661 1563 naufragum
700 1515 788 1552 velo
830 1516 1001 1551 indutum
1041 1517 1077 1552 in
1111 1528 1267 1553 scenam
1303 1518 1488 1565 prodisse.
1552 1517 1675 1565 Atqui

175 1592 290 1617 nemo
325 1578 515 1616 dubitabit
549 1579 640 1626 quin
666 1577 946 1627 Aristophanes
973 1584 1152 1616 ornatum
1179 1580 1366 1628 tragicum
1393 1581 1674 1618 accuratissime

175 1643 380 1679 retinuerit.
434 1642 571 1688 Neque
605 1642 706 1677 enim
741 1641 940 1677 verisimile
976 1647 1036 1677 est
1073 1654 1162 1678 eum
1198 1645 1437 1681 occasionem
1467 1644 1544 1681 tale
1572 1644 1675 1680 Euri-

175 1706 273 1754 pidis
312 1705 506 1742 inventum
546 1703 826 1752 perstringendi
864 1704 1220 1751 praetermissurum
1257 1705 1381 1743 fuisse.
1446 1706 1522 1743 Sed
1559 1707 1674 1743 etiam

176 1768 287 1805 claris
322 1768 534 1805 dummodo
571 1773 674 1803 recte
710 1767 981 1815 intellegantur*
1012 1767 1138 1804 verbis
1173 1774 1290 1816 poeta
1326 1782 1367 1806 se
1395 1775 1543 1806 vestem
1570 1770 1675 1806 illam

175 1832 362 1879 tragicam
388 1842 458 1867 suo
487 1842 643 1878 quoque
671 1829 849 1866 Menelao
876 1828 1052 1876 tribuisse
1079 1829 1291 1878 profitetur.
1345 1832 1504 1869 Thesm.·
1520 1843 1597 1880 934
1616 1844 1673 1879 sq.

176 1894 311 1930 mulier
337 1897 373 1931 Γ
395 1899 604 1942 postquam
633 1892 1046 1941 Euripides-Menelaus
1073 1894 1247 1941 prytanis
1274 1896 1441 1931 adventu
1468 1896 1675 1943 propulsus

279 2016 304 2056 1)
324 2018 365 2048 cf.
391 2020 575 2049 simillimam
597 2019 811 2056 recognitionis
833 2018 977 2047 rationem
1000 2019 1068 2057 Iph.
1090 2020 1181 2050 Taur.
1205 2020 1263 2058 769
1287 2031 1354 2059 sqq.

280 2070 305 2110 ²)
325 2072 449 2103 Thesm.
472 2073 542 2110 890.
653 2067 655 2069 ’

279 2123 304 2162 ³)
327 2125 399 2154 Hel.
427 2125 504 2154 1186
526 2135 593 2163 sqq.

279 2176 306 2216 ⁴)
328 2178 396 2208 Hel.
422 2178 510 2215 4162.
535 2178 593 2215 τῆς
613 2177 694 2219 ἐμῆς
715 2177 939 2218 δυσχλαινίας.

422 2240 497 2268 421:
536 2228 610 2262 οὔτ’
634 2229 726 2273 ἀμφὶ
745 2228 849 2271 χρῶτ’
873 2230 1019 2269 ἐσθῆτες·
1043 2229 1126 2262 αὐτὰ
1150 2228 1181 2261 δ’
1209 2229 1337 2263 εἰκάσαι

535 2283 676 2326 πάρεστι
701 2281 781 2318 ναὸς
801 2280 907 2321 ἔκβαλ’
930 2280 980 2318 οἷς
1002 2281 1233 2326 ἀμπίσχομαι·

424 2344 484 2375 514
505 2347 563 2376 sq.:
831 2332 946 2376 ἄγριος
968 2336 1009 2366 δέ
1027 2348 1074 2371 τις

534 2389 670 2431 μορφὴν
692 2386 748 2419 ὅδ’
772 2388 861 2420 ἐστίν

424 2449 500 2480 554:
535 2444 590 2473 καὶ
613 2440 679 2482 μὴν
702 2439 822 2482 στολήν
843 2440 878 2483 y’
902 2438 1061 2483 ἄμορφον
1085 2440 1175 2484 ἀμφὶ
1198 2440 1285 2484 σῶμ’
1311 2443 1396 2483 ἔχεις

409 2502 502 2532 ιο79;
537 2492 617 2526 τάδ’
640 2493 877 2537 ἄμφιβλῆστρα
899 2493 1051 2537 σώματος
1072 2494 1154 2539 ῥάκη

408 2556 501 2584 1204:
530 2544 694 2580 Ἄπολλον
719 2547 763 2584 ὠς
784 2549 898 2588 ἐσθῆτι
919 2546 1108 2591 δυσμόρφῳ
1129 2552 1248 2591 πρέπει

409 2602 486 2630 1280
508 2611 572 2640 sq.:
609 2600 683 2632 ἀντὶ
706 2603 763 2640 τῆς
784 2602 1000 2644 δυσχλαινίας
1020 2603 1146 2641 ἐσθῆτα
1171 2598 1278 2641 λήψει.
