1826 3088
771 275 819 279 —
875 239 923 298 3¹0
975 267 1074 280 —‘

145 360 279 392 nanter
305 354 508 402 Euripides
535 367 569 391 v.
591 364 662 401 213
684 366 753 401 sq.,
784 360 993 402 postquam
1021 356 1070 392 ab
1098 354 1308 403 Agathone
1337 353 1530 401 repulsam
1554 353 1652 399 tulit,

147 417 386 454 Mnesilocho
415 417 534 465 ipsius
561 416 745 454 auxilium
772 416 948 455 offerenti
975 418 1228 467 obsequatur:

467 487 536 539 ἄγε
562 504 628 528 νυν
655 487 797 541 ἐπειδὴ
824 490 966 539 σαυτὸν
993 489 1188 536 ἐπιδίδως
1214 488 1305 536 ἐμοί

469 547 652 591 ἀπόδυθι
680 552 788 591 τουτὶ
815 549 1042 601 θοίμάτιον.

144 625 245 663 Vide
264 637 382 674 porro
402 638 520 674 quam
540 626 666 674 lepide
685 632 802 675 poeta
817 626 1070 674 Agathonem
1091 625 1203 662 faciat
1219 625 1470 662 decedentem
1490 624 1564 669 264
1576 634 1651 672 sq.:

755 694 842 737 ἀλλ’
875 696 1010 748 ἔχεις
1036 696 1125 749 γὰρ
1153 689 1213 737 ὧν
1239 696 1346 737 δέει

457 759 554 799 εἶ’σω
580 776 640 806 τις
667 758 720 808 ὥς
745 759 911 809 τάχιστά
938 760 979 810 μ’
1012 758 1299 812 ἐσκυκλησάτω.
1463 811 1467 815 .

145 837 342 874 Prodierat
379 836 541 884 Agatho
578 837 621 883 in·
653 836 848 884 publicum
883 843 926 874 ut
963 838 1131 879 carmina
1165 836 1367 884 faceret1);
1408 836 1477 874 sed
1512 848 1559 873 ea
1593 847 1654 873 res

145 907 241 937 mox
281 899 464 936 oblivioni
503 899 626 935 datur.
691 900 803 937 Musa
843 901 922 937 eius
963 901 1208 947 incessusque
1248 900 1442 937 muliebris
1474 899 1652 943 ridentur,

144 966 262 1002 vestis
288 964 337 999 ad
365 961 648 999 Mnesilochum
676 964 909 1000 induendum
937 964 1150 1000 necessaria
1177 963 1226 1000 ab
1255 955 1302 1001 eo
1331 963 1532 1011 repetitur;
1570 967 1653 999 tum

146 1026 308 1074 Agatho
337 1024 508 1076 officium
536 1037 649 1061 suurn
676 1027 835 1075 peregit,
864 1026 1066 1074 Agathoni
1094 1026 1198 1063 abire
1226 1026 1324 1064 licet.
1353 1048 1402 1053 -

248 1087 511 1125 Mnesilochus
554 1089 591 1124 in
631 1089 985 1136 Thesmophorium
1027 1090 1147 1126 iturus
1189 1102 1250 1126 vv.
1290 1089 1488 1135 213—-265
1531 1087 1654 1143 multo

147 1152 361 1189 accuratius
389 1163 507 1198 quam
535 1163 634 1199 opus
661 1158 720 1191 est
731 1152 762 1201 ²)
799 1151 1020 1204 adfuturas
1046 1152 1212 1189 mulieris
1236 1158 1366 1201 partes
1393 1157 1653 1201 praeparatur.

148 1215 375 1261 Priusquam
403 1220 534 1250 autem
561 1215 632 1251 iter
659 1216 915 1262 periculosum
944 1215 1187 1262 ingrediatur,
1221 1225 1295 1262 270
1322 1223 1378 1262 sq'.
1432 1216 1655 1263 Euripidem

149 1276 269 1325 adigit
296 1276 573 1314 iusiurandum:

885 1337 1102 1379 συσσώσειν
1129 1339 1199 1389 ἐμέ

393 1400 547 1450 πάσαις
572 1402 730 1451 τέχναις
756 1398 801 1455 ἤν
825 1402 896 1452 μοι’
921 1417 960 1441 τι
988 1402 1214 1454 περιπίπτῃ
1242 1401 1372 1442 κακόν.

147 1480 259 1527 Quae
302 1481 421 1518 verba
462 1482 598 1529 insigni
642 1482 729 1519 loco
770 1482 913 1518 scilicet
954 1483 991 1518 in
1029 1481 1104 1518 fine
1145 1482 1297 1529 prologi
1338 1483 1464 1529 posita
1504 1482 1656 1519 fabulae

149 1549 420 1591 argumentum
451 1545 658 1582 continent.
715 1544 926 1581 Videamus
962 1544 1161 1591 quomodo
1189 1544 1470 1593 Aristophanes
1508 1545 1545 1581 in
1572 1544 1656 1593 ipsa

147 1608 352 1644 comoedia
379 1608 639 1645 custodiverit.

251 1671 511 1708 Mnesilochus
549 1672 714 1719 migrare
740 1669 894 1718 fingitur
921 1670 958 1706 in
987 1670 1447 1716 mulierum-contionem.
1499 1671 1542 1707 In
1570 1683 1656 1708 con-

146 1733 293 1770 tionem
321 1735 419 1778 dico,
457 1746 546 1770 nam
574 1734 612 1770 in
638 1746 691 1770 eis
719 1745 818 1780 quae
844 1739 1056 1781 sequuntur
1081 1738 1233 1781 praeter
1260 1733 1481 1781 opinionem
1509 1734 1657 1771 indoles

147 1796 547 1845 Thesmophoriorum
585 1797 699 1845 plane
738 1796 897 1840 recedit,
940 1796 1023 1833 sola
1059 1796 1247 1833 contionis
1280 1797 1428 1844 species
1464 1802 1656 1842 servatum

147 1863 326 1910 γυναῖκες
343 1857 742 1910 Θεσμοφοριάζουσαι
763 1872 893 1896 revera
913 1858 1009 1895 fiunt
1025 1857 1353 1910 ἐκκλησιάζουσαι
1372 1861 1559 1909 γυναῖκες.
1587 1860 1656 1896 Fa-

148 1923 219 1960 cile
247 1925 479 1972 intellegitur
506 1936 573 1960 cur
597 1929 716 1971 poeta
738 1935 818 1960 rem
838 1923 890 1959 ita
907 1922 1127 1959 instituerit:
1157 1935 1216 1959 res
1233 1934 1361 1960 sacras
1386 1927 1426 1960 et
1443 1935 1602 1960 arcanas
1621 1924 1657 1960 in

148 1998 264 2022 scena
301 1987 460 2023 illudere
497 1998 574 2021 non
610 1986 724 2024 licuit.
777 1986 935 2021 Frustra
972 1985 1085 2031 igitur
1116 1986 1291 2032 quamvis
1320 1998 1341 2022 e
1367 1985 1518 2022 fabulae
1546 1986 1657 2022 titulo

149 2054 357 2097 exspectes
394 2048 516 2087 multa
551 2055 590 2086 et
620 2047 753 2098 gravia
792 2047 840 2084 ad
874 2046 1117 2084 sollemnium
1145 2048 1296 2086 illorum
1324 2048 1499 2086 notitiam
1526 2060 1658 2086 eruere

149 2124 345 2150 conamur.
415 2113 513 2150 Sunt
554 2113 732 2149 mulieres
773 2124 930 2159 prorsus
970 2112 1322 2159 contionabundae3
1362 2113 1494 2161 paucis
1524 2112 1659 2150 ,solum

149 2175 281 2223 eisque
316 2176 491 2213 inanibus
518 2175 645 2213 verbis
672 2180 791 2225 poeta
818 2187 887 2212 nos
915 2174 964 2212 de
992 2175 1052 2211 die
1078 2175 1242 2224 locoque
1270 2177 1468 2214 admonet:
1506 2187 1660 2224 semper

150 2237 229 2275 fere
268 2240 446 2276 mulieres
486 2253 556 2288 per
592 2239 913 2286 Thesmophoros
950 2238 1073 2275 iurant
1110 2252 1233 2287 neque
1270 2239 1531 2277 Mnesilochus
1567 2240 1659 2276 dum
1714 2230 1716 2232 ¹

151 2302 317 2339 mulieris
344 2304 425 2351 agit
452 2308 582 2351 partes
610 2303 712 2339 idem
741 2300 864 2338 facere
892 2302 1095 2350 omittit³);
1133 2303 1311 2339 mulieres
1339 2302 1441 2340 faces
1467 2308 1606 2351 gerunt
1616 2302 1658 2353 4),

253 2435 278 2475 ¹)
298 2437 423 2467 Thesm.
445 2437 485 2466 66
507 2446 573 2475 sqq.

254 2488 279 2527 ²)
299 2491 368 2520 vide
391 2490 514 2521 Thesm.
535 2490 609 2519 216:
640 2489 680 2519 τὰ
708 2485 795 2519 κάτω
825 2486 859 2518 δ’
877 2485 1016 2530 ἀφεύειν
1043 2494 1072 2518 et
1101 2497 1159 2527 239
1182 2499 1249 2528 sqq.
1272 2499 1350 2528 quae
1372 2499 1434 2518 non
1457 2488 1514 2518 nisi
1538 2488 1660 2518 iocandi

150 2545 248 2582 gratia
270 2544 372 2573 addita
394 2550 473 2574 sunt.
1032 2539 1034 2543 ’

252 2595 279 2633 ³)
300 2597 422 2627 Thesm.
446 2603 514 2635 594.

252 2649 279 2687 ⁴)
300 2650 424 2680 Thesm.
447 2651 507 2679 280
529 2659 583 2688 sq.,
610 2656 680 2686 917.
