<?xml version="1.0" encoding="UTF-8"?>
<!DOCTYPE html PUBLIC "-//W3C//DTD XHTML 1.0 Transitional//EN"
    "http://www.w3.org/TR/xhtml1/DTD/xhtml1-transitional.dtd">
<html xmlns="http://www.w3.org/1999/xhtml" xml:lang="en" lang="en">
 <head>
  <title>
</title>
<meta http-equiv="Content-Type" content="text/html;charset=utf-8" />
  <meta name='ocr-system' content='tesseract 3.04.00' />
  <meta name='ocr-capabilities' content='ocr_page ocr_carea ocr_par ocr_line ocrx_word'/>
</head>
<body>
  <div class='ocr_page' id='page_1' title='image "./4627078_0018.png"; bbox 0 0 1826 3088; ppageno 0'>
   <div class='ocr_carea' id='block_1_1' title="bbox 0 2525 86 2691">
    <p class='ocr_par' dir='ltr' id='par_1_1' title="bbox 0 2525 86 2691">
     <span class='ocr_line' id='line_1_1' title="bbox 0 2525 86 2691; baseline 0 -16"><span class='ocrx_word' id='word_1_1' title='bbox 0 2525 86 2691; x_wconf 61' lang='lat' dir='ltr'>,l</span> 
     </span>
    </p>
   </div>
   <div class='ocr_carea' id='block_1_2' title="bbox 801 273 1027 309">
    <p class='ocr_par' dir='ltr' id='par_1_2' title="bbox 801 273 1027 309">
     <span class='ocr_line' id='line_1_2' title="bbox 801 273 1027 309; baseline -0.009 -19"><span class='ocrx_word' id='word_1_2' title='bbox 801 273 1027 309; x_wconf 65' lang='lat'>-9-</span> 
     </span>
    </p>
   </div>
   <div class='ocr_carea' id='block_1_3' title="bbox 160 355 1668 1286">
    <p class='ocr_par' dir='ltr' id='par_1_3' title="bbox 231 355 1433 603">
     <span class='ocr_line' id='line_1_3' title="bbox 231 355 1346 414; baseline 0.001 -14"><span class='ocrx_word' id='word_1_3' title='bbox 231 362 235 364; x_wconf 69' lang='grc'><strong>’</strong></span> <span class='ocrx_word' id='word_1_4' title='bbox 284 377 318 400; x_wconf 90' lang='grc' dir='ltr'>ν.</span> <span class='ocrx_word' id='word_1_5' title='bbox 347 363 440 411; x_wconf 87' lang='grc'>856;</span> <span class='ocrx_word' id='word_1_6' title='bbox 469 355 513 410; x_wconf 74' lang='grc' dir='ltr'>ὃς</span> <span class='ocrx_word' id='word_1_7' title='bbox 539 358 626 401; x_wconf 75' lang='grc' dir='ltr'><strong><em>ἀντὶ</em></strong></span> <span class='ocrx_word' id='word_1_8' title='bbox 651 361 742 409; x_wconf 83' lang='grc' dir='ltr'><strong><em>δίας</em></strong></span> <span class='ocrx_word' id='word_1_9' title='bbox 767 359 953 414; x_wconf 80' lang='grc' dir='ltr'><em>ψακάδος</em></span> <span class='ocrx_word' id='word_1_10' title='bbox 979 360 1195 413; x_wconf 81' lang='grc' dir='ltr'><em>Αἰγύπτου</em></span> <span class='ocrx_word' id='word_1_11' title='bbox 1221 363 1346 403; x_wconf 83' lang='grc' dir='ltr'><em>πέδον</em></span> 
     </span>
     <span class='ocr_line' id='line_1_4' title="bbox 465 424 1341 476; baseline 0.002 -13"><span class='ocrx_word' id='word_1_12' title='bbox 465 425 602 476; x_wconf 79' lang='grc' dir='ltr'><strong><em>λευκῆς</em></strong></span> <span class='ocrx_word' id='word_1_13' title='bbox 626 424 768 472; x_wconf 80' lang='grc' dir='ltr'><strong><em>νοτίζει</em></strong></span> <span class='ocrx_word' id='word_1_14' title='bbox 796 448 845 454; x_wconf 91' lang='grc'>-</span> <span class='ocrx_word' id='word_1_15' title='bbox 871 426 1209 476; x_wconf 79' lang='grc' dir='ltr'><strong><em>μελανοσυρμαῖον</em></strong></span> <span class='ocrx_word' id='word_1_16' title='bbox 1235 424 1341 465; x_wconf 86' lang='grc' dir='ltr'><strong><em>λεών.</em></strong></span> 
     </span>
     <span class='ocr_line' id='line_1_5' title="bbox 288 482 1400 540; baseline 0.003 -14"><span class='ocrx_word' id='word_1_17' title='bbox 288 502 324 526; x_wconf 92' lang='lat' dir='ltr'>v.</span> <span class='ocrx_word' id='word_1_18' title='bbox 353 499 447 538; x_wconf 90' lang='lat'>902:</span> <span class='ocrx_word' id='word_1_19' title='bbox 478 486 588 539; x_wconf 81' lang='grc' dir='ltr'><strong><em>γύναι</em></strong></span> <span class='ocrx_word' id='word_1_20' title='bbox 614 486 655 527; x_wconf 85' lang='grc' dir='ltr'>τί</span> <span class='ocrx_word' id='word_1_21' title='bbox 681 482 821 536; x_wconf 74' lang='grc' dir='ltr'><strong><em>εἶπαςς</em></strong></span> <span class='ocrx_word' id='word_1_22' title='bbox 846 487 1017 539; x_wconf 81' lang='grc' dir='ltr'><strong><em>στρέψον</em></strong></span> <span class='ocrx_word' id='word_1_23' title='bbox 1046 485 1248 539; x_wconf 79' lang='grc' dir='ltr'><strong><em>ἀνταυγεῖς</em></strong></span> <span class='ocrx_word' id='word_1_24' title='bbox 1272 485 1400 540; x_wconf 82' lang='grc' dir='ltr'><strong><em>κόρας.</em></strong></span> 
     </span>
     <span class='ocr_line' id='line_1_6' title="bbox 447 549 1433 603; baseline 0.001 -12"><span class='ocrx_word' id='word_1_25' title='bbox 447 549 705 602; x_wconf 79' lang='grc' dir='ltr'><strong><em>.αῑσγύνομαι’</em></strong></span> <span class='ocrx_word' id='word_1_26' title='bbox 729 565 773 591; x_wconf 88' lang='grc' dir='ltr'>σε</span> <span class='ocrx_word' id='word_1_27' title='bbox 799 574 850 580; x_wconf 89' lang='lat'><em>-</em></span> <span class='ocrx_word' id='word_1_28' title='bbox 874 549 944 598; x_wconf 86' lang='grc' dir='ltr'>τὰς</span> <span class='ocrx_word' id='word_1_29' title='bbox 970 549 1144 602; x_wconf 74' lang='grc' dir='ltr'><strong><em>γνάθους</em></strong></span> <span class='ocrx_word' id='word_1_30' title='bbox 1168 550 1380 603; x_wconf 79' lang='grc' dir='ltr'><strong><em>ὑβρισμένη</em></strong></span> <span class='ocrx_word' id='word_1_31' title='bbox 1391 554 1433 602; x_wconf 89' lang='grc'>1).</span> 
     </span>
    </p>

    <p class='ocr_par' dir='ltr' id='par_1_4' title="bbox 160 612 1668 980">
     <span class='ocr_line' id='line_1_7' title="bbox 261 612 1664 663; baseline -0.001 -10"><span class='ocrx_word' id='word_1_32' title='bbox 261 616 356 653; x_wconf 90' lang='lat' dir='ltr'>Prae</span> <span class='ocrx_word' id='word_1_33' title='bbox 383 616 518 652; x_wconf 91' lang='lat' dir='ltr'>ceteris</span> <span class='ocrx_word' id='word_1_34' title='bbox 544 612 675 653; x_wconf 83' lang='lat' dir='ltr'>autem</span> <span class='ocrx_word' id='word_1_35' title='bbox 701 615 884 663; x_wconf 89' lang='lat' dir='ltr'>parodiae</span> <span class='ocrx_word' id='word_1_36' title='bbox 911 615 1046 651; x_wconf 88' lang='lat' dir='ltr'>rationi</span> <span class='ocrx_word' id='word_1_37' title='bbox 1074 615 1221 663; x_wconf 91' lang='lat' dir='ltr'>optime</span> <span class='ocrx_word' id='word_1_38' title='bbox 1248 617 1364 652; x_wconf 91' lang='lat' dir='ltr'>servit</span> <span class='ocrx_word' id='word_1_39' title='bbox 1389 627 1558 663; x_wconf 88' lang='lat' dir='ltr'>persona</span> <span class='ocrx_word' id='word_1_40' title='bbox 1586 627 1664 651; x_wconf 89' lang='lat' dir='ltr'>mu-</span> 
     </span>
     <span class='ocr_line' id='line_1_8' title="bbox 160 677 1667 727; baseline -0.002 -10"><span class='ocrx_word' id='word_1_41' title='bbox 160 679 261 717; x_wconf 88' lang='lat' dir='ltr'>lieris</span> <span class='ocrx_word' id='word_1_42' title='bbox 280 678 561 716; x_wconf 89' lang='lat' dir='ltr'>Mnesilochum</span> <span class='ocrx_word' id='word_1_43' title='bbox 580 677 839 716; x_wconf 90' lang='lat' dir='ltr'>custodientis.</span> <span class='ocrx_word' id='word_1_44' title='bbox 879 678 972 715; x_wconf 90' lang='lat' dir='ltr'>Eius</span> <span class='ocrx_word' id='word_1_45' title='bbox 991 677 1134 715; x_wconf 86' lang='lat' dir='ltr'>auxilio</span> <span class='ocrx_word' id='word_1_46' title='bbox 1152 677 1434 727; x_wconf 87' lang='lat' dir='ltr'>Aristophanes</span> <span class='ocrx_word' id='word_1_47' title='bbox 1454 684 1493 715; x_wconf 91' lang='lat' dir='ltr'>et</span> <span class='ocrx_word' id='word_1_48' title='bbox 1511 677 1667 715; x_wconf 86' lang='lat' dir='ltr'>affinem</span> 
     </span>
     <span class='ocr_line' id='line_1_9' title="bbox 160 741 1666 791; baseline -0.002 -10"><span class='ocrx_word' id='word_1_49' title='bbox 160 749 201 780; x_wconf 91' lang='lat' dir='ltr'>et</span> <span class='ocrx_word' id='word_1_50' title='bbox 225 743 448 791; x_wconf 88' lang='lat' dir='ltr'>Euripidem</span> <span class='ocrx_word' id='word_1_51' title='bbox 473 742 681 778; x_wconf 84' lang='lat' dir='ltr'><strong>identidem</strong></span> <span class='ocrx_word' id='word_1_52' title='bbox 707 742 755 779; x_wconf 93' lang='lat' dir='ltr'>de</span> <span class='ocrx_word' id='word_1_53' title='bbox 783 742 982 779; x_wconf 90' lang='lat' dir='ltr'>cothurnis</span> <span class='ocrx_word' id='word_1_54' title='bbox 1008 742 1175 779; x_wconf 90' lang='lat' dir='ltr'>detrahit</span> <span class='ocrx_word' id='word_1_55' title='bbox 1201 742 1462 791; x_wconf 91' lang='lat' dir='ltr'>parodicoque</span> <span class='ocrx_word' id='word_1_56' title='bbox 1489 741 1666 779; x_wconf 89' lang='lat' dir='ltr'>aedificio</span> 
     </span>
     <span class='ocr_line' id='line_1_10' title="bbox 162 804 1668 854; baseline -0.001 -11"><span class='ocrx_word' id='word_1_57' title='bbox 162 805 272 854; x_wconf 86' lang='lat' dir='ltr'>quasi</span> <span class='ocrx_word' id='word_1_58' title='bbox 299 804 494 853; x_wconf 85' lang='lat' dir='ltr'>fastigium</span> <span class='ocrx_word' id='word_1_59' title='bbox 521 805 701 852; x_wconf 89' lang='lat' dir='ltr'>imponit,</span> <span class='ocrx_word' id='word_1_60' title='bbox 734 805 859 842; x_wconf 88' lang='lat' dir='ltr'>ieiuna</span> <span class='ocrx_word' id='word_1_61' title='bbox 883 805 1049 841; x_wconf 88' lang='lat' dir='ltr'>mulieris</span> <span class='ocrx_word' id='word_1_62' title='bbox 1075 804 1193 841; x_wconf 91' lang='lat' dir='ltr'>verba</span> <span class='ocrx_word' id='word_1_63' title='bbox 1220 805 1323 842; x_wconf 92' lang='lat' dir='ltr'>elato</span> <span class='ocrx_word' id='word_1_64' title='bbox 1350 811 1567 843; x_wconf 88' lang='lat' dir='ltr'>ceterorum</span> <span class='ocrx_word' id='word_1_65' title='bbox 1595 817 1668 842; x_wconf 91' lang='lat' dir='ltr'>ser·</span> 
     </span>
     <span class='ocr_line' id='line_1_11' title="bbox 162 867 1668 917; baseline -0.001 -11"><span class='ocrx_word' id='word_1_66' title='bbox 162 871 269 906; x_wconf 88' lang='lat' dir='ltr'>moni</span> <span class='ocrx_word' id='word_1_67' title='bbox 305 868 430 906; x_wconf 89' lang='lat' dir='ltr'>facete</span> <span class='ocrx_word' id='word_1_68' title='bbox 466 879 679 916; x_wconf 87' lang='lat' dir='ltr'>opponens.</span> <span class='ocrx_word' id='word_1_69' title='bbox 735 867 894 917; x_wconf 84' lang='lat' dir='ltr'>Singula</span> <span class='ocrx_word' id='word_1_70' title='bbox 929 873 1145 905; x_wconf 89' lang='lat' dir='ltr'>monstrare</span> <span class='ocrx_word' id='word_1_71' title='bbox 1171 868 1330 917; x_wconf 88' lang='lat' dir='ltr'>longum</span> <span class='ocrx_word' id='word_1_72' title='bbox 1357 874 1427 906; x_wconf 91' lang='lat' dir='ltr'>est.</span> <span class='ocrx_word' id='word_1_73' title='bbox 1484 867 1668 917; x_wconf 83' lang='lat' dir='ltr'>Quisquis</span> 
     </span>
     <span class='ocr_line' id='line_1_12' title="bbox 161 930 1349 980; baseline -0.002 -11"><span class='ocrx_word' id='word_1_74' title='bbox 161 943 318 969; x_wconf 86' lang='lat' dir='ltr'>scenam</span> <span class='ocrx_word' id='word_1_75' title='bbox 344 930 582 980; x_wconf 89' lang='lat' dir='ltr'>praeclaram</span> <span class='ocrx_word' id='word_1_76' title='bbox 609 930 812 979; x_wconf 89' lang='lat' dir='ltr'>diligenter</span> <span class='ocrx_word' id='word_1_77' title='bbox 836 931 1000 979; x_wconf 83' lang='lat' dir='ltr'>perlegit</span> <span class='ocrx_word' id='word_1_78' title='bbox 1026 931 1108 979; x_wconf 90' lang='lat' dir='ltr'>ipse</span> <span class='ocrx_word' id='word_1_79' title='bbox 1140 932 1349 979; x_wconf 85' lang='lat' dir='ltr'>perspexit.</span> 
     </span>
    </p>

    <p class='ocr_par' dir='ltr' id='par_1_5' title="bbox 162 994 1668 1286">
     <span class='ocr_line' id='line_1_13' title="bbox 264 994 1665 1043; baseline -0.001 -11"><span class='ocrx_word' id='word_1_80' title='bbox 264 994 446 1033; x_wconf 91' lang='lat' dir='ltr'>Ceterum</span> <span class='ocrx_word' id='word_1_81' title='bbox 482 995 587 1043; x_wconf 92' lang='lat' dir='ltr'>quod</span> <span class='ocrx_word' id='word_1_82' title='bbox 619 995 669 1032; x_wconf 91' lang='lat' dir='ltr'>ad</span> <span class='ocrx_word' id='word_1_83' title='bbox 695 994 793 1031; x_wconf 91' lang='lat' dir='ltr'>illius</span> <span class='ocrx_word' id='word_1_84' title='bbox 819 996 954 1033; x_wconf 89' lang='lat' dir='ltr'>aetatis</span> <span class='ocrx_word' id='word_1_85' title='bbox 981 1006 1063 1031; x_wconf 90' lang='lat' dir='ltr'>rem</span> <span class='ocrx_word' id='word_1_86' title='bbox 1090 994 1282 1032; x_wconf 87' lang='lat' dir='ltr'>librariam</span> <span class='ocrx_word' id='word_1_87' title='bbox 1309 995 1446 1032; x_wconf 86' lang='lat' dir='ltr'>attinet</span> <span class='ocrx_word' id='word_1_88' title='bbox 1472 994 1565 1032; x_wconf 93' lang='lat' dir='ltr'>illud</span> <span class='ocrx_word' id='word_1_89' title='bbox 1592 1006 1665 1043; x_wconf 92' lang='lat' dir='ltr'>pro</span> 
     </span>
     <span class='ocr_line' id='line_1_14' title="bbox 163 1057 1665 1106; baseline -0.001 -11"><span class='ocrx_word' id='word_1_90' title='bbox 163 1064 269 1096; x_wconf 87' lang='lat' dir='ltr'>certo</span> <span class='ocrx_word' id='word_1_91' title='bbox 304 1057 500 1095; x_wconf 59' lang='lat' dir='ltr'>affirmari*</span> <span class='ocrx_word' id='word_1_92' title='bbox 518 1062 668 1106; x_wconf 87' lang='lat' dir='ltr'>potest,</span> <span class='ocrx_word' id='word_1_93' title='bbox 705 1057 1007 1105; x_wconf 87' lang='lat' dir='ltr'>Aristophanem</span> <span class='ocrx_word' id='word_1_94' title='bbox 1024 1057 1170 1094; x_wconf 82' lang='lat' dir='ltr'>solum</span> <span class='ocrx_word' id='word_1_95' title='bbox 1206 1058 1392 1094; x_wconf 86' lang='lat' dir='ltr'>memoria</span> <span class='ocrx_word' id='word_1_96' title='bbox 1427 1058 1550 1094; x_wconf 89' lang='lat' dir='ltr'>nisum</span> <span class='ocrx_word' id='word_1_97' title='bbox 1584 1063 1665 1093; x_wconf 90' lang='lat' dir='ltr'>tarn</span> 
     </span>
     <span class='ocr_line' id='line_1_15' title="bbox 163 1120 1668 1169; baseline -0.002 -9"><span class='ocrx_word' id='word_1_98' title='bbox 163 1127 340 1169; x_wconf 85' lang='lat' dir='ltr'>accurate</span> <span class='ocrx_word' id='word_1_99' title='bbox 375 1121 566 1159; x_wconf 90' lang='lat' dir='ltr'>Helenam</span> <span class='ocrx_word' id='word_1_100' title='bbox 607 1121 744 1159; x_wconf 90' lang='lat' dir='ltr'>imitari</span> <span class='ocrx_word' id='word_1_101' title='bbox 784 1133 861 1158; x_wconf 88' lang='lat' dir='ltr'>non</span> <span class='ocrx_word' id='word_1_102' title='bbox 896 1120 1087 1169; x_wconf 89' lang='lat' dir='ltr'>potuisse;</span> <span class='ocrx_word' id='word_1_103' title='bbox 1127 1121 1258 1169; x_wconf 90' lang='lat' dir='ltr'>itaque</span> <span class='ocrx_word' id='word_1_104' title='bbox 1294 1133 1393 1169; x_wconf 91' lang='lat' dir='ltr'>opus</span> <span class='ocrx_word' id='word_1_105' title='bbox 1427 1126 1486 1158; x_wconf 91' lang='lat' dir='ltr'>est</span> <span class='ocrx_word' id='word_1_106' title='bbox 1521 1120 1555 1158; x_wconf 92' lang='lat' dir='ltr'>ei</span> <span class='ocrx_word' id='word_1_107' title='bbox 1592 1120 1668 1157; x_wconf 89' lang='lat' dir='ltr'>iam</span> 
     </span>
     <span class='ocr_line' id='line_1_16' title="bbox 162 1184 1668 1234; baseline -0.001 -12"><span class='ocrx_word' id='word_1_108' title='bbox 162 1185 294 1234; x_wconf 92' lang='lat' dir='ltr'>paucis</span> <span class='ocrx_word' id='word_1_109' title='bbox 321 1184 515 1222; x_wconf 90' lang='lat' dir='ltr'>mensibus</span> <span class='ocrx_word' id='word_1_110' title='bbox 541 1190 747 1232; x_wconf 91' lang='lat' dir='ltr'>postquam</span> <span class='ocrx_word' id='word_1_111' title='bbox 774 1184 972 1232; x_wconf 90' lang='lat' dir='ltr'>tragoedia</span> <span class='ocrx_word' id='word_1_112' title='bbox 999 1184 1115 1221; x_wconf 89' lang='lat' dir='ltr'>docta</span> <span class='ocrx_word' id='word_1_113' title='bbox 1135 1190 1195 1221; x_wconf 91' lang='lat' dir='ltr'>est</span> <span class='ocrx_word' id='word_1_114' title='bbox 1218 1185 1420 1232; x_wconf 86' lang='lat' dir='ltr'>exemplar</span> <span class='ocrx_word' id='word_1_115' title='bbox 1437 1184 1668 1232; x_wconf 89' lang='lat' dir='ltr'>manuscrip-</span> 
     </span>
     <span class='ocr_line' id='line_1_17' title="bbox 162 1246 747 1286; baseline -0.002 0"><span class='ocrx_word' id='word_1_116' title='bbox 162 1254 246 1286; x_wconf 92' lang='lat' dir='ltr'>tum</span> <span class='ocrx_word' id='word_1_117' title='bbox 273 1248 310 1285; x_wconf 91' lang='lat' dir='ltr'>in</span> <span class='ocrx_word' id='word_1_118' title='bbox 337 1247 513 1285; x_wconf 87' lang='lat' dir='ltr'>manibus</span> <span class='ocrx_word' id='word_1_119' title='bbox 542 1246 668 1285; x_wconf 89' lang='lat' dir='ltr'>fuisse.</span> <span class='ocrx_word' id='word_1_120' title='bbox 696 1269 747 1274; x_wconf 94' lang='lat'>—</span> 
     </span>
    </p>
   </div>
   <div class='ocr_carea' id='block_1_4' title="bbox 210 1492 1621 1640">
    <p class='ocr_par' dir='ltr' id='par_1_6' title="bbox 210 1492 1621 1640">
     <span class='ocr_line' id='line_1_18' title="bbox 890 1492 935 1531; baseline 0.044 -2"><span class='ocrx_word' id='word_1_121' title='bbox 890 1492 935 1531; x_wconf 88' lang='grc' dir='ltr'>ΙΙ.</span> 
     </span>
     <span class='ocr_line' id='line_1_19' title="bbox 210 1595 1621 1640; baseline -0.001 0"><span class='ocrx_word' id='word_1_122' title='bbox 210 1597 296 1640; x_wconf 92' lang='lat' dir='ltr'>DE</span> <span class='ocrx_word' id='word_1_123' title='bbox 328 1595 778 1639; x_wconf 90' lang='lat' dir='ltr'>ANDROMEDAE</span> <span class='ocrx_word' id='word_1_124' title='bbox 811 1596 893 1639; x_wconf 90' lang='lat' dir='ltr'>ET</span> <span class='ocrx_word' id='word_1_125' title='bbox 926 1595 1283 1639; x_wconf 89' lang='lat' dir='ltr'>PALAMEDIS</span> <span class='ocrx_word' id='word_1_126' title='bbox 1318 1595 1621 1640; x_wconf 87' lang='lat' dir='ltr'>PARODIIS.</span> 
     </span>
    </p>
   </div>
   <div class='ocr_carea' id='block_1_5' title="bbox 822 1709 1006 1713">
    <p class='ocr_par' dir='ltr' id='par_1_7' title="bbox 822 1709 1006 1713">
     <span class='ocr_line' id='line_1_20' title="bbox 822 1709 1006 1713; baseline 0 0"><span class='ocrx_word' id='word_1_127' title='bbox 822 1709 1006 1713; x_wconf 95' lang='lat' dir='ltr'> </span> 
     </span>
    </p>
   </div>
   <div class='ocr_carea' id='block_1_6' title="bbox 160 1778 1670 2081">
    <p class='ocr_par' dir='ltr' id='par_1_8' title="bbox 164 1778 1670 1954">
     <span class='ocr_line' id='line_1_21' title="bbox 265 1778 1668 1827; baseline 0.001 -12"><span class='ocrx_word' id='word_1_128' title='bbox 265 1779 309 1815; x_wconf 90' lang='lat' dir='ltr'>In</span> <span class='ocrx_word' id='word_1_129' title='bbox 343 1779 542 1816; x_wconf 89' lang='lat' dir='ltr'>tractanda</span> <span class='ocrx_word' id='word_1_130' title='bbox 569 1778 847 1815; x_wconf 89' lang='lat' dir='ltr'>Andromedae</span> <span class='ocrx_word' id='word_1_131' title='bbox 882 1778 1042 1826; x_wconf 88' lang='lat' dir='ltr'>parodia</span> <span class='ocrx_word' id='word_1_132' title='bbox 1076 1790 1153 1815; x_wconf 91' lang='lat' dir='ltr'>non</span> <span class='ocrx_word' id='word_1_133' title='bbox 1179 1784 1221 1815; x_wconf 90' lang='lat' dir='ltr'>ut</span> <span class='ocrx_word' id='word_1_134' title='bbox 1246 1780 1283 1815; x_wconf 93' lang='lat' dir='ltr'>in</span> <span class='ocrx_word' id='word_1_135' title='bbox 1310 1780 1470 1827; x_wconf 89' lang='lat' dir='ltr'>parodia</span> <span class='ocrx_word' id='word_1_136' title='bbox 1495 1779 1668 1816; x_wconf 83' lang='lat' dir='ltr'>Helenae</span> 
     </span>
     <span class='ocr_line' id='line_1_22' title="bbox 164 1839 1670 1893; baseline 0 -13"><span class='ocrx_word' id='word_1_137' title='bbox 164 1842 371 1893; x_wconf 88' lang='lat' dir='ltr'>superstite</span> <span class='ocrx_word' id='word_1_138' title='bbox 396 1841 597 1891; x_wconf 87' lang='lat' dir='ltr'>tragoedia</span> <span class='ocrx_word' id='word_1_139' title='bbox 623 1841 859 1879; x_wconf 87' lang='lat' dir='ltr'>adiuvamur.</span> <span class='ocrx_word' id='word_1_140' title='bbox 907 1839 1135 1879; x_wconf 91' lang='lat' dir='ltr'>Cautissime</span> <span class='ocrx_word' id='word_1_141' title='bbox 1162 1842 1276 1890; x_wconf 88' lang='lat' dir='ltr'>igitur</span> <span class='ocrx_word' id='word_1_142' title='bbox 1300 1842 1583 1880; x_wconf 90' lang='lat' dir='ltr'>diiudicandum</span> <span class='ocrx_word' id='word_1_143' title='bbox 1610 1847 1670 1880; x_wconf 93' lang='lat' dir='ltr'>est</span> 
     </span>
     <span class='ocr_line' id='line_1_23' title="bbox 165 1904 1278 1954; baseline -0.001 -11"><span class='ocrx_word' id='word_1_144' title='bbox 165 1918 264 1953; x_wconf 91' lang='lat' dir='ltr'>quae</span> <span class='ocrx_word' id='word_1_145' title='bbox 293 1906 368 1942; x_wconf 92' lang='lat' dir='ltr'>sint</span> <span class='ocrx_word' id='word_1_146' title='bbox 394 1906 613 1954; x_wconf 89' lang='lat' dir='ltr'>Euripidea,</span> <span class='ocrx_word' id='word_1_147' title='bbox 641 1917 742 1952; x_wconf 89' lang='lat' dir='ltr'>quae</span> <span class='ocrx_word' id='word_1_148' title='bbox 768 1905 818 1942; x_wconf 89' lang='lat' dir='ltr'>ab</span> <span class='ocrx_word' id='word_1_149' title='bbox 845 1904 1109 1953; x_wconf 88' lang='lat' dir='ltr'>Aristophane</span> <span class='ocrx_word' id='word_1_150' title='bbox 1135 1906 1278 1947; x_wconf 78' lang='lat' dir='ltr'>addita.</span> 
     </span>
    </p>

    <p class='ocr_par' dir='ltr' id='par_1_9' title="bbox 160 1967 1667 2081">
     <span class='ocr_line' id='line_1_24' title="bbox 268 1967 1667 2016; baseline 0.001 -11"><span class='ocrx_word' id='word_1_151' title='bbox 268 1968 380 2006; x_wconf 92' lang='lat' dir='ltr'>Hanc</span> <span class='ocrx_word' id='word_1_152' title='bbox 407 1974 536 2006; x_wconf 90' lang='lat' dir='ltr'>autem</span> <span class='ocrx_word' id='word_1_153' title='bbox 565 1967 654 2012; x_wconf 86' lang='lat' dir='ltr'>fere,</span> <span class='ocrx_word' id='word_1_154' title='bbox 683 1973 726 2005; x_wconf 91' lang='lat' dir='ltr'>ut</span> <span class='ocrx_word' id='word_1_155' title='bbox 752 1967 1063 2016; x_wconf 89' lang='lat' dir='ltr'>quaestiunculae</span> <span class='ocrx_word' id='word_1_156' title='bbox 1087 1973 1242 2005; x_wconf 91' lang='lat' dir='ltr'>nostrae</span> <span class='ocrx_word' id='word_1_157' title='bbox 1260 1980 1452 2005; x_wconf 89' lang='lat' dir='ltr'>summam</span> <span class='ocrx_word' id='word_1_158' title='bbox 1472 1968 1667 2014; x_wconf 89' lang='lat' dir='ltr'>faciamus,</span> 
     </span>
     <span class='ocr_line' id='line_1_25' title="bbox 160 2031 1666 2081; baseline 0.001 -12"><span class='ocrx_word' id='word_1_159' title='bbox 160 2032 353 2070; x_wconf 67' lang='lat' dir='ltr'>rationem</span> <span class='ocrx_word' id='word_1_160' title='bbox 394 2045 420 2070; x_wconf 89' lang='lat' dir='ltr'>a</span> <span class='ocrx_word' id='word_1_161' title='bbox 456 2032 606 2069; x_wconf 90' lang='lat' dir='ltr'>comico</span> <span class='ocrx_word' id='word_1_162' title='bbox 650 2032 688 2068; x_wconf 92' lang='lat' dir='ltr'>in</span> <span class='ocrx_word' id='word_1_163' title='bbox 732 2031 905 2068; x_wconf 89' lang='lat' dir='ltr'>Helenae</span> <span class='ocrx_word' id='word_1_164' title='bbox 947 2032 1109 2079; x_wconf 91' lang='lat' dir='ltr'>parodia</span> <span class='ocrx_word' id='word_1_165' title='bbox 1152 2032 1364 2069; x_wconf 90' lang='lat' dir='ltr'>abhibitam</span> <span class='ocrx_word' id='word_1_166' title='bbox 1408 2033 1666 2081; x_wconf 89' lang='lat' dir='ltr'>repperimus:</span> 
     </span>
    </p>
   </div>
   <div class='ocr_carea' id='block_1_7' title="bbox 98 2094 1669 2143">
    <p class='ocr_par' dir='ltr' id='par_1_10' title="bbox 98 2094 1669 2143">
     <span class='ocr_line' id='line_1_26' title="bbox 98 2094 1669 2143; baseline 0 -11"><span class='ocrx_word' id='word_1_167' title='bbox 98 2104 102 2108; x_wconf 86' lang='lat'>&#39;</span> <span class='ocrx_word' id='word_1_168' title='bbox 165 2094 449 2143; x_wconf 87' lang='lat' dir='ltr'>Aristophanes</span> <span class='ocrx_word' id='word_1_169' title='bbox 488 2107 605 2143; x_wconf 91' lang='lat' dir='ltr'>quam</span> <span class='ocrx_word' id='word_1_170' title='bbox 645 2094 815 2130; x_wconf 88' lang='lat' dir='ltr'>maxime</span> <span class='ocrx_word' id='word_1_171' title='bbox 855 2099 1009 2141; x_wconf 87' lang='lat' dir='ltr'>poterat</span> <span class='ocrx_word' id='word_1_172' title='bbox 1048 2094 1232 2142; x_wconf 90' lang='lat' dir='ltr'>genuinas</span> <span class='ocrx_word' id='word_1_173' title='bbox 1272 2095 1496 2142; x_wconf 88' lang='lat' dir='ltr'>tragoediae</span> <span class='ocrx_word' id='word_1_174' title='bbox 1538 2101 1669 2143; x_wconf 88' lang='lat' dir='ltr'>partes</span> 
     </span>
    </p>
   </div>
   <div class='ocr_carea' id='block_1_8' title="bbox 164 2156 1671 2522">
    <p class='ocr_par' dir='ltr' id='par_1_11' title="bbox 164 2156 1671 2522">
     <span class='ocr_line' id='line_1_27' title="bbox 165 2156 1669 2202; baseline -0.001 -7"><span class='ocrx_word' id='word_1_175' title='bbox 165 2158 330 2202; x_wconf 88' lang='lat' dir='ltr'>retinuit,</span> <span class='ocrx_word' id='word_1_176' title='bbox 358 2158 412 2195; x_wconf 91' lang='lat' dir='ltr'>ita</span> <span class='ocrx_word' id='word_1_177' title='bbox 437 2163 568 2194; x_wconf 88' lang='lat' dir='ltr'>tamen</span> <span class='ocrx_word' id='word_1_178' title='bbox 594 2162 637 2194; x_wconf 86' lang='lat' dir='ltr'>ut</span> <span class='ocrx_word' id='word_1_179' title='bbox 663 2169 741 2194; x_wconf 90' lang='lat' dir='ltr'>non</span> <span class='ocrx_word' id='word_1_180' title='bbox 766 2156 939 2193; x_wconf 90' lang='lat' dir='ltr'>ordinem</span> <span class='ocrx_word' id='word_1_181' title='bbox 966 2162 1116 2194; x_wconf 87' lang='lat' dir='ltr'>curaret</span> <span class='ocrx_word' id='word_1_182' title='bbox 1142 2157 1211 2193; x_wconf 91' lang='lat' dir='ltr'>sed</span> <span class='ocrx_word' id='word_1_183' title='bbox 1238 2169 1259 2193; x_wconf 92' lang='lat' dir='ltr'>e</span> <span class='ocrx_word' id='word_1_184' title='bbox 1286 2157 1551 2194; x_wconf 88' lang='lat' dir='ltr'>diversissimis</span> <span class='ocrx_word' id='word_1_185' title='bbox 1574 2157 1669 2194; x_wconf 93' lang='lat' dir='ltr'>locis</span> 
     </span>
     <span class='ocr_line' id='line_1_28' title="bbox 165 2219 1670 2270; baseline 0 -12"><span class='ocrx_word' id='word_1_186' title='bbox 165 2226 396 2270; x_wconf 89' lang='lat' dir='ltr'>congereret</span> <span class='ocrx_word' id='word_1_187' title='bbox 430 2232 530 2269; x_wconf 90' lang='lat' dir='ltr'>quae</span> <span class='ocrx_word' id='word_1_188' title='bbox 565 2220 637 2258; x_wconf 90' lang='lat' dir='ltr'>sibi</span> <span class='ocrx_word' id='word_1_189' title='bbox 670 2219 754 2257; x_wconf 90' lang='lat' dir='ltr'>usui</span> <span class='ocrx_word' id='word_1_190' title='bbox 788 2232 872 2257; x_wconf 93' lang='lat' dir='ltr'>esse</span> <span class='ocrx_word' id='word_1_191' title='bbox 905 2226 1076 2268; x_wconf 89' lang='lat' dir='ltr'>possent.</span> <span class='ocrx_word' id='word_1_192' title='bbox 1131 2219 1242 2268; x_wconf 82' lang='lat' dir='ltr'>Quae</span> <span class='ocrx_word' id='word_1_193' title='bbox 1278 2226 1410 2269; x_wconf 77' lang='lat' dir='ltr'>autern</span> <span class='ocrx_word' id='word_1_194' title='bbox 1436 2221 1486 2258; x_wconf 93' lang='lat' dir='ltr'>ad</span> <span class='ocrx_word' id='word_1_195' title='bbox 1513 2233 1670 2258; x_wconf 88' lang='lat' dir='ltr'>scenam</span> 
     </span>
     <span class='ocr_line' id='line_1_29' title="bbox 165 2283 1670 2331; baseline 0 -10"><span class='ocrx_word' id='word_1_196' title='bbox 165 2283 445 2321; x_wconf 90' lang='lat' dir='ltr'>conficiendam</span> <span class='ocrx_word' id='word_1_197' title='bbox 489 2283 722 2330; x_wconf 90' lang='lat' dir='ltr'>lacunasque</span> <span class='ocrx_word' id='word_1_198' title='bbox 765 2283 978 2331; x_wconf 88' lang='lat' dir='ltr'>explendas</span> <span class='ocrx_word' id='word_1_199' title='bbox 1023 2284 1201 2327; x_wconf 88' lang='lat' dir='ltr'>deerant,</span> <span class='ocrx_word' id='word_1_200' title='bbox 1257 2284 1339 2331; x_wconf 90' lang='lat' dir='ltr'>ipse</span> <span class='ocrx_word' id='word_1_201' title='bbox 1384 2284 1434 2320; x_wconf 92' lang='lat' dir='ltr'>ad</span> <span class='ocrx_word' id='word_1_202' title='bbox 1477 2297 1670 2321; x_wconf 88' lang='lat' dir='ltr'>summam</span> 
     </span>
     <span class='ocr_line' id='line_1_30' title="bbox 164 2343 1669 2396; baseline 0 -12"><span class='ocrx_word' id='word_1_203' title='bbox 164 2347 360 2395; x_wconf 88' lang='lat' dir='ltr'>Euripidei</span> <span class='ocrx_word' id='word_1_204' title='bbox 395 2346 583 2384; x_wconf 88' lang='lat' dir='ltr'>sermonis</span> <span class='ocrx_word' id='word_1_205' title='bbox 618 2343 909 2384; x_wconf 83' lang='lat' dir='ltr'>similitudinem</span> <span class='ocrx_word' id='word_1_206' title='bbox 937 2345 1182 2383; x_wconf 87' lang='lat' dir='ltr'>conformata</span> <span class='ocrx_word' id='word_1_207' title='bbox 1217 2346 1366 2383; x_wconf 89' lang='lat' dir='ltr'>adiecit.</span> <span class='ocrx_word' id='word_1_208' title='bbox 1402 2347 1669 2396; x_wconf 81' lang='lat' dir='ltr'>Perspicuum</span> 
     </span>
     <span class='ocr_line' id='line_1_31' title="bbox 165 2408 1671 2458; baseline -0.001 -11"><span class='ocrx_word' id='word_1_209' title='bbox 165 2415 224 2448; x_wconf 88' lang='lat' dir='ltr'>est</span> <span class='ocrx_word' id='word_1_210' title='bbox 261 2410 349 2447; x_wconf 90' lang='lat' dir='ltr'>inde</span> <span class='ocrx_word' id='word_1_211' title='bbox 384 2410 419 2446; x_wconf 88' lang='lat' dir='ltr'>ei</span> <span class='ocrx_word' id='word_1_212' title='bbox 454 2410 519 2458; x_wconf 92' lang='lat' dir='ltr'>qui</span> <span class='ocrx_word' id='word_1_213' title='bbox 545 2409 753 2458; x_wconf 90' lang='lat' dir='ltr'>Euripidea</span> <span class='ocrx_word' id='word_1_214' title='bbox 789 2421 841 2446; x_wconf 85' lang='lat' dir='ltr'>ex</span> <span class='ocrx_word' id='word_1_215' title='bbox 868 2408 1145 2446; x_wconf 89' lang='lat' dir='ltr'>Andromedae</span> <span class='ocrx_word' id='word_1_216' title='bbox 1171 2410 1332 2457; x_wconf 89' lang='lat' dir='ltr'>parodia</span> <span class='ocrx_word' id='word_1_217' title='bbox 1361 2421 1494 2447; x_wconf 89' lang='lat' dir='ltr'>eruere</span> <span class='ocrx_word' id='word_1_218' title='bbox 1520 2416 1671 2458; x_wconf 90' lang='lat' dir='ltr'>tragoe-</span> 
     </span>
     <span class='ocr_line' id='line_1_32' title="bbox 164 2472 1669 2522; baseline -0.001 -10"><span class='ocrx_word' id='word_1_219' title='bbox 164 2474 328 2522; x_wconf 87' lang='lat' dir='ltr'>diaeque</span> <span class='ocrx_word' id='word_1_220' title='bbox 363 2477 634 2522; x_wconf 87' lang='lat' dir='ltr'>argumentum</span> <span class='ocrx_word' id='word_1_221' title='bbox 661 2473 860 2510; x_wconf 90' lang='lat' dir='ltr'>restituere</span> <span class='ocrx_word' id='word_1_222' title='bbox 887 2477 1066 2517; x_wconf 88' lang='lat' dir='ltr'>conatur,</span> <span class='ocrx_word' id='word_1_223' title='bbox 1108 2484 1270 2521; x_wconf 89' lang='lat' dir='ltr'>magnas</span> <span class='ocrx_word' id='word_1_224' title='bbox 1296 2472 1543 2510; x_wconf 88' lang='lat' dir='ltr'>difficultates</span> <span class='ocrx_word' id='word_1_225' title='bbox 1570 2473 1669 2510; x_wconf 87' lang='lat' dir='ltr'>oriri.</span> 
     </span>
    </p>
   </div>
   <div class='ocr_carea' id='block_1_9' title="bbox 165 2558 416 2563">
    <p class='ocr_par' dir='ltr' id='par_1_12' title="bbox 165 2558 416 2563">
     <span class='ocr_line' id='line_1_33' title="bbox 165 2558 416 2563; baseline 0 0"><span class='ocrx_word' id='word_1_226' title='bbox 165 2558 416 2563; x_wconf 95' lang='lat' dir='ltr'> </span> 
     </span>
    </p>
   </div>
   <div class='ocr_carea' id='block_1_10' title="bbox 164 2597 1671 2692">
    <p class='ocr_par' dir='ltr' id='par_1_13' title="bbox 164 2597 1671 2692">
     <span class='ocr_line' id='line_1_34' title="bbox 268 2597 1671 2638; baseline -0.001 -9"><span class='ocrx_word' id='word_1_227' title='bbox 268 2599 294 2638; x_wconf 89' lang='grc'>1)</span> <span class='ocrx_word' id='word_1_228' title='bbox 313 2599 430 2630; x_wconf 81' lang='lat' dir='ltr'>Eadem</span> <span class='ocrx_word' id='word_1_229' title='bbox 457 2599 573 2628; x_wconf 80' lang='lat' dir='ltr'>ratione</span> <span class='ocrx_word' id='word_1_230' title='bbox 598 2599 631 2628; x_wconf 86' lang='lat' dir='ltr'>in</span> <span class='ocrx_word' id='word_1_231' title='bbox 652 2608 681 2629; x_wconf 88' lang='lat' dir='ltr'>v.</span> <span class='ocrx_word' id='word_1_232' title='bbox 703 2606 781 2637; x_wconf 86' lang='lat'>910,</span> <span class='ocrx_word' id='word_1_233' title='bbox 811 2599 864 2638; x_wconf 87' lang='lat' dir='ltr'>qui</span> <span class='ocrx_word' id='word_1_234' title='bbox 892 2597 992 2628; x_wconf 87' lang='lat' dir='ltr'>adhuc</span> <span class='ocrx_word' id='word_1_235' title='bbox 1011 2598 1147 2628; x_wconf 87' lang='lat' dir='ltr'>nondum</span> <span class='ocrx_word' id='word_1_236' title='bbox 1172 2605 1295 2629; x_wconf 84' lang='lat' dir='ltr'>sanatus</span> <span class='ocrx_word' id='word_1_237' title='bbox 1317 2604 1376 2635; x_wconf 86' lang='lat' dir='ltr'>est,</span> <span class='ocrx_word' id='word_1_238' title='bbox 1408 2599 1513 2638; x_wconf 83' lang='lat' dir='ltr'>primis</span> <span class='ocrx_word' id='word_1_239' title='bbox 1533 2600 1633 2629; x_wconf 83' lang='lat' dir='ltr'>verbis</span> <span class='ocrx_word' id='word_1_240' title='bbox 1654 2609 1671 2628; x_wconf 91' lang='lat' dir='ltr'>e</span> 
     </span>
     <span class='ocr_line' id='line_1_35' title="bbox 164 2651 1024 2692; baseline -0.001 -9"><span class='ocrx_word' id='word_1_241' title='bbox 164 2654 321 2692; x_wconf 75' lang='lat' dir='ltr'>tragoedia</span> <span class='ocrx_word' id='word_1_242' title='bbox 342 2653 475 2691; x_wconf 83' lang='lat' dir='ltr'>repetitis</span> <span class='ocrx_word' id='word_1_243' title='bbox 495 2652 645 2682; x_wconf 83' lang='lat' dir='ltr'>ludicrum</span> <span class='ocrx_word' id='word_1_244' title='bbox 666 2651 783 2691; x_wconf 81' lang='lat' dir='ltr'>aliquid</span> <span class='ocrx_word' id='word_1_245' title='bbox 804 2652 877 2681; x_wconf 84' lang='lat' dir='ltr'>addi</span> <span class='ocrx_word' id='word_1_246' title='bbox 897 2652 1024 2682; x_wconf 87' lang='lat' dir='ltr'>videtur.</span> 
     </span>
    </p>
   </div>
  </div>
 </body>
</html>
