1826 3088
29 2619 45 2631 k

769 250 821 255 —
878 239 915 265 11
976 251 1022 256 —

251 327 464 365 Certiorem
502 329 538 365 ni
569 329 686 377 ‘fallor
720 341 877 366 causam
909 330 1096 379 praebent
1131 331 1395 368 antecedentia
1422 330 1552 367 verba.
1606 329 1650 366 In

147 391 201 428 eis
227 390 511 440 Aristophanes
548 392 686 430 eadem
721 392 866 429 ratione
900 395 1047 430 iocatur
1082 394 1119 430 in
1155 405 1231 440 qua
1255 405 1438 441 magnam
1465 392 1650 442 parodiae

146 455 223 491 vim
259 455 382 492 inesse
418 468 534 504 supra
569 456 843 504 cognovimus:
878 456 1065 494 sollemne
1093 456 1183 493 facit
1210 457 1356 494 initium
1383 457 1433 495 ab
1460 457 1551 505 ipsis
1578 461 1650 493 tra·

146 518 307 566 goediae
342 518 467 555 verbis
502 524 541 555 et
575 518 703 555 subito
740 518 891 555 aberrat
924 531 946 555 a
979 519 1124 567 tragica
1159 520 1220 556 via
1256 533 1372 568 quam
1407 520 1524 569 paulo
1560 525 1650 556 ante

146 581 338 629 ingressus
365 587 434 624 est,
464 582 501 618 in
528 581 656 618 locum
684 581 889 618 verborum
907 581 1099 630 Euripidis
1125 595 1237 619 suum
1265 582 1384 620 fetum
1403 594 1647 632 supponens:

146 640 213 682 τὸν
238 640 398 693 Σκύθην
435 641 619 691 λάθοιμι.
673 643 713 679 Si
749 650 879 680 autem
905 651 944 681 et
970 645 1143 681 Helenae
1170 652 1209 682 et
1236 646 1512 683 Andromedae
1539 657 1649 693 paro-

145 707 248 743 diam
284 707 545 755 percensueris
572 727 620 732 —
649 711 814 753 excepta
850 707 979 743 Echus
1011 719 1124 744 scena
1163 709 1409 756 1056—1097
1445 720 1544 756 quae
1580 719 1651 755 per

146 782 188 806 se
223 768 319 806 infra
353 769 552 806 tractanda
589 769 659 805 erit
687 791 746 812 —,
775 769 996 817 Euripidem
1032 783 1185 818 semper
1219 772 1406 819 tragicam
1442 782 1650 819 personam

148 831 385 869 sollemniter
423 837 462 868 et
501 831 663 868 fideliter
702 838 744 869 ut
783 844 949 880 aequum
989 838 1047 869 est
1086 846 1236 870 servare
1278 846 1403 882 neque
1444 835 1570 882 ipsum
1612 833 1649 869 in

147 907 297 931 musam
334 907 443 932 suam
478 895 624 931 saevire
660 894 771 932 facile
806 896 970 941 videbis;
1008 897 1046 933 id
1084 896 1250 944 reliquae
1286 904 1420 935 curant
1446 909 1648 946 personae,

146 958 282 994 mulier
308 961 349 1005 Γ,
387 957 553 1005 Scytha,
590 958 860 995 Mnesilochus.
917 959 1026 995 Haec
1062 960 1217 1006 quidem
1253 973 1368 997 causa
1403 962 1494 997 satis
1520 959 1650 996 valere

148 1021 239 1057 mihi
266 1021 416 1057 videtur
442 1026 484 1056 ut
502 1033 562 1056 vv.
588 1029 831 1066 1015—1021
856 1022 1106 1065 Mnesilocho,
1136 1035 1213 1058 non
1232 1023 1403 1070 Euripidi
1423 1023 1647 1059 tribuamus.

148 1081 265 1130 Quod
300 1095 388 1119 cum
425 1081 624 1119 fecerimus
665 1083 840 1119 codicum
876 1095 1030 1132 quoque
1057 1084 1169 1121 lectio
1198 1081 1427 1133 ἀπέλθοιμι
1457 1085 1505 1132 (ν.
1539 1085 1647 1133 1017)

146 1158 223 1182 non
259 1146 402 1193 indiget
437 1146 674 1182 correctione
708 1146 901 1193 verbaque
937 1141 991 1192 ὦς
1023 1143 1091 1197 τὴν
1127 1150 1293 1196 γυναῖκα
1328 1144 1364 1196 μ’
1404 1134 1540 1186 §wazu
1574 1149 1649 1183 iam

148 1209 316 1252 demum,
355 1209 385 1244 si
413 1220 435 1244 a
463 1207 702 1244 Mnesilocho
730 1209 934 1245 recitantur
962 1208 1022 1257 (cf.
1058 1210 1166 1257 1216)
1194 1222 1265 1246 suo
1293 1210 1381 1247 loco
1408 1211 1536 1259 posita
1563 1215 1651 1246 sunt

147 1273 340 1319 risumque
365 1277 533 1308 movent.
577 1271 706 1308 Facile
726 1284 857 1308 versus
881 1281 1125 1319 1015—1021
1157 1286 1179 1309 a
1206 1275 1459 1321 grammatico
1477 1263 1650 1320 quodam

147 1336 211 1383 qui
248 1334 440 1372 vocabulo
476 1328 561 1385 ἥξει
595 1346 630 1370 ν.
664 1344 761 1380 1014
796 1334 981 1383 pellectus
1009 1334 1231 1384 Euripidem
1266 1336 1395 1372 statim
1431 1337 1468 1372 in
1495 1347 1651 1373 scenam

94 1398 106 1412 '
147 1399 301 1448 prodire
328 1398 500 1446 putabat,
528 1397 579 1434 illi
607 1410 870 1445 per.errorem
896 1399 1010 1436 tribui
1037 1405 1226 1447 poterant.
1258 1423 1306 1428 —

212 1509 214 1511 v
248 1461 310 1497 De
344 1460 622 1496 Andromedae
662 1461 844 1496 monodia
878 1473 977 1507 quae
1013 1462 1133 1497 Beerii
1170 1464 1359 1498 sententia
1395 1461 1650 1509 comprobata

147 1536 279 1562 versus
326 1531 573 1570 1015—1055
615 1523 905 1571 comprehendit
951 1525 1044 1561 satis
1088 1530 1198 1561 caute
1237 1525 1417 1562 iudicavit
1454 1523 1590 1561 Nauck
1602 1523 1648 1570 ¹):

153 1588 248 1624 »hoc
287 1587 476 1623 canticum
512 1608 562 1614 —
598 1587 808 1623 maximam
840 1593 990 1635 partem
1027 1600 1077 1624 ex
1112 1588 1320 1637 Eulripidea
1353 1587 1552 1633 tragoedia
1588 1598 1651 1622 ex-

147 1662 322 1699 pressum
350 1649 510 1687 videtur.
541 1672 587 1677 —
616 1649 705 1686 Non
732 1650 915 1686 audemus
942 1655 1074 1687 tamen
1102 1650 1193 1698 quid
1219 1651 1504 1699 Aristophanes
1532 1655 1651 1686 muta-

146 1714 243 1750 verit
271 1713 464 1749 definire«.
516 1712 653 1760 Neque
689 1724 765 1759 ego
801 1713 850 1748 ad
881 1718 1028 1749 tantam
1066 1714 1264 1749 audaciam
1291 1715 1462 1761 procedo
1491 1718 1532 1748 ut
1559 1712 1651 1747 certi

145 1777 291 1825 aliquid
327 1775 539 1824 repperisse
576 1774 667 1811 mihi
691 1775 840 1819 videar,
878 1787 965 1812 cum
989 1775 1233 1813 doctissimus
1260 1776 1322 1813 ille
1349 1776 1470 1813 homo
1498 1786 1650 1824 graeca-

149 1852 237 1889 que·
266 1839 466 1887 tragoedia
509 1839 785 1875 eruditissimus
830 1838 967 1875 frustra
1012 1840 1250 1886 quaesiverit.
1293 1831 1423 1876 ‘Satis
1463 1839 1589 1875 habeo
1629 1850 1651 1874 e

148 1904 296 1940 cantico
333 1914 475 1939 novum
503 1901 639 1938 afferre
665 1901 888 1950 exemplum
920 1913 999 1949 quo
1028 1908 1170 1950 quanta
1196 1903 1244 1939 sit
1269 1903 1419 1940 licentia
1447 1901 1652 1951 parodicae

148 1967 304 2003 rationis
331 1965 604 2014 Aristophanis
639 1967 785 2013 optime
822 1966 1115 2004 demonstretur.
1176 1966 1278 2002 Nam
1311 1978 1399 2002 cum
1434 1966 1471 2002 in
1504 1964 1653 2001 Helena

148 2034 304 2077 poetam
331 2028 557 2065 histrionum
590 2028 716 2064 solum
752 2027 869 2065 verba
895 2033 1156 2065 commutasse
1183 2028 1343 2075 aliisque
1370 2027 1652 2076 pronuntianda

151 2092 302 2129 dedisse
338 2092 563 2136 viderimus,
601 2091 675 2128 hoc
712 2091 799 2129 loco
835 2096 933 2128 teste
970 2091 1176 2128 scholiasta
1187 2092 1215 2139 2)
1256 2092 1373 2128 etiam
1401 2092 1508 2128 chori
1535 2090 1653 2127 verba

152 2156 223 2203 ipsi
250 2155 527 2191 Andromedae
554 2154 685 2191 tribuit
711 2154 884 2202 (Thesm.
918 2163 1014 2190 1022
1039 2156 1123 2202 sq.).
1153 2176 1204 2181 —-

250 2219 376 2256 Finito
405 2219 554 2256 cantico
581 2218 783 2267 Euripides
810 2217 938 2255 Echus
973 2230 1179 2266 personam
1207 2218 1374 2266 suscipit.
1431 2217 1654 2264 Ambigitur

149 2288 277 2319 utrum
317 2283 354 2318 in
390 2283 590 2330 tragoedia
616 2282 726 2319 Echo
763 2283 799 2318 in
832 2293 945 2318 scena
981 2282 1200 2329 apparuerit
1233 2293 1282 2317 an
1318 2287 1407 2329 post
1442 2281 1546 2317 illam
1575 2291 1654 2316 non

253 2450 265 2469 ¹
298 2451 319 2480 l.
343 2461 370 2480 a.
415 2474 422 2481 .
489 2453 516 2481 6.

250 2451 278 2541 ²))
295 2460 537 2533 schol.pT}{‹?sm.
566 2511 656 2532 1022:
684 2500 775 2545 παρὰ
798 2500 833 2533 τὸ
859 2502 891 2542 (l.
915 2501 969 2541 τὰ)
995 2509 1053 2533 τοῦ
1079 2505 1186 2543 χοροῦ
1210 2502 1246 2532 ἐν
1276 2495 1657 2542 Ἀνδρομέδᾳ-ἄνοικτος

149 2553 186 2591 ὅς
208 2555 310 2588 τεκών
331 2564 368 2588 σε
393 2558 460 2587 κτλ.
