1826 3088
759 219 1009 253 —61—

139 316 217 353 Sed
243 318 334 365 quid
362 328 460 363 opus
487 323 545 353 est
570 317 768 365 exemplis,
804 331 890 355 cum
916 320 1034 356 homo
1061 321 1198 357 doctus
1225 319 1372 356 duabus
1400 318 1525 355 causis
1552 330 1634 365 gra—

137 377 300 416 vissimis
328 377 492 415 nitatur?

239 442 417 478 Alteram
457 441 569 479 affert
608 443 784 480 Zielinski
827 456 877 481 ex
926 445 1060 492 insigni
1105 434 1589 493 Thesmophoriazusarum
1607 446 1634 492 β

139 502 355 552 fragmento
366 505 396 552 ¹)
410 517 416 541 ε

291 566 294 568 ’
408 565 501 619 μήτε
526 565 694 615 Μούσας
720 564 928 609 ἀνακαλεῖν
956 566 1298 620 ἑλικοβοστρύχους

407 629 500 682 μήτε
526 628 705 682 Χάριτας
729 635 827 681 βοᾶν
851 632 907 681 εἰς
931 631 1047 683 χορὸν
1065 630 1304 680 Ὀλυμπίας·

114 742 118 746 ⁴
408 690 553 732 ἐνθάδε
579 691 650 744 γάρ
677 693 778 734 εἰσιν
803 692 855 742 ὥς
880 710 1000 748 φησιν
1027 694 1047 735 ὃ
1075 693 1324 742 διδάσκαλος.

143 756 302 804 »Hier«,
330 757 450 806 inquit
477 757 663 803 Zielinski,
699 759 814 796 »sind
837 760 897 797 die
923 759 1063 796 Musen
1091 760 1172 796 und
1196 758 1390 805 Chariten,
1417 759 1538 795 mez'nt
1561 760 1634 795 der

140 819 254 864 Cher,
282 821 364 857 also
382 823 462 868 auf
470 822 542 858 der
562 821 783 866 Orchestra,
810 829 920 860 unter
942 824 1015 859 den
1036 821 1258 868 Clcoreutem
1286 822 1502 870 lez'blzaftzg,
1528 822 1635 858 nz'clzt

137 888 237 921 elwa
263 883 453 921 bz'ldlz'ch«.
499 884 636 921 Valde·
652 898 674 922 a
700 885 858 922 veritate
886 886 1075 922 aberravit
1101 885 1219 922 homo
1246 886 1392 921 doctus.
1439 885 1500 920 De
1528 892 1632 921 recta

137 945 339 995 fragmenti
375 948 686 996 interpretatione
726 949 831 986 nullo
872 949 990 986 modo
1030 954 1159 996 potest
1197 948 1377 991 dubitari,
1418 948 1631 984 dummodo

137 1009 348 1046 accuratius
385 1023 501 1058 quam
529 1011 705 1048 Zielinski
750 1024 865 1060 quem
901 1012 939 1048 in
975 1012 1113 1048 amissa
1148 1011 1275 1047 fabula
1301 1011 1476 1047 habuerit
1503 1011 1631 1046 locum

137 1085 377 1121 quaeramus.
427 1074 521 1110 Prae
555 1075 690 1110 ceteris
717 1080 846 1111 autem
872 1087 1051 1123 suprema
1077 1074 1193 1111 verba
1221 1069 1272 1120 ὥς
1298 1086 1418 1126 φησιν
1445 1068 1465 1111 ὃ
1495 1071 1631 1111 διδάσ-

136 1135 257 1181 καλος
286 1136 542 1184 fragmentum
569 1149 620 1172 ex
646 1136 899 1185 epirrhemate
927 1138 1131 1185 repetitum
1160 1150 1242 1173 esse
1262 1143 1393 1185 aperte
1413 1136 1630 1173 ostendunt.

136 1196 256 1235 Poeta
283 1205 324 1235 ut
351 1200 502 1247 saepius
529 1200 667 1235 eodem
693 1199 779 1235 loco
807 1201 854 1236 de
879 1201 987 1248 poesi
1006 1212 1074 1235 sua
1092 1200 1209 1235 verba
1228 1200 1336 1244 facit;
1365 1205 1480 1246 negat
1501 1199 1633 1235 Musas

137 1267 176 1297 et
203 1260 353 1298 Gratias
380 1275 401 1299 e
427 1275 534 1299 more
561 1263 754 1299 communi
782 1263 919 1300 arcessi
946 1268 1144 1311 oportere,
1180 1274 1268 1298 cum
1294 1262 1330 1297 in
1357 1274 1426 1298 suo
1453 1262 1629 1305 carmine,

136 1324 173 1360 in
209 1325 262 1361 eis
298 1337 395 1373 quae
431 1331 690 1373 spectatorum
726 1327 847 1363 oculis
884 1326 1045 1362 subiciat
1080 1338 1144 1361 eas
1178 1325 1318 1360 versari
1346 1325 1538 1373 glorietur.
1593 1324 1632 1361 Si

136 1393 238 1424 recte
259 1388 436 1425 Zielinski
464 1389 591 1425 locum
619 1389 880 1434 intellexisset,
909 1390 999 1437 quid
1027 1389 1097 1425 sibi
1124 1389 1264 1425 vellent
1290 1389 1407 1425 verba
1434 1384 1487 1435 ὥς
1509 1401 1630 1440 φησιν

135 1444 156 1488 ὃ
183 1448 449 1497 διδάσκαλοςῗ
501 1451 541 1488 Si
575 1458 812 1500 spectatores
840 1453 969 1488 Musas
997 1451 1223 1498 Gratiasque
1259 1453 1295 1487 in
1331 1452 1525 1488 orchestra
1552 1458 1630 1487 tan-

136 1519 252 1560 quam'
289 1514 393 1551 chori
430 1510 579 1563 partem
607 1516 861 1564 conspiciunt,
900 1516 989 1564 quid
1017 1527 1115 1563 opus
1140 1520 1198 1551 est
1224 1516 1378 1563 propria
1402 1514 1464 1551 illa
1491 1520 1630 1563 poetae

135 1576 413 1614 affirmatione?
463 1578 584 1615 Vides
632 1579 868 1626 praeclarum
912 1568 1166 1626 fragmentum
1206 1578 1256 1614 nil
1296 1579 1398 1614 aliud
1437 1591 1520 1614 esse
1561 1579 1629 1614 nisi

135 1639 257 1677 facete
298 1642 496 1690 quoddam
534 1648 650 1690 atque
689 1643 853 1691 superbe
889 1642 1157 1691 Aristophanis
1196 1642 1349 1678 dictum.
1423 1640 1521 1678 »Sed
1561 1642 1630 1677 nisi

134 1704 217 1748 alia,
251 1705 391 1752 »inquit
419 1705 634 1749 Zielinski«,
663 1707 700 1742 in
727 1707 781 1742 eis
808 1707 933 1742 verbis
958 1707 1145 1742 sententia
1171 1706 1316 1747 lateret,
1346 1705 1474 1752 inepta
1502 1711 1629 1741 essent

134 1779 309 1814 quaeque
346 1768 394 1804 de
426 1769 558 1815 quavis
586 1768 715 1805 sabula
742 1770 843 1806 haud
871 1769 994 1805 minus
1020 1774 1110 1816 apte
1135 1768 1206 1805 dici
1231 1768 1460 1815 potuerint«.
1515 1766 1628 1803 Certe

133 1830 250 1866 cuivis
279 1830 475 1866 Musarum
510 1832 700 1868 sacerdoti
735 1832 835 1868 idem
872 1830 1115 1879 pronuntiare
1150 1832 1271 1874 licuit,
1309 1832 1375 1867 sed
1411 1832 1471 1866 uni
1505 1831 1628 1878 primo

132 1892 335 1928 dicendum
362 1892 463 1941 er'at:
492 1894 744 1942 Aristophani
773 1894 881 1931 laudi*
901 1894 1086 1937 tribuitur,
1116 1894 1220 1941 quod
1241 1890 1416 1941 princeps
1435 1893 1628 1941 praeclare

132 1955 274 1992 dictum
303 1956 411 2004 quasi
435 1956 559 1994 forma
585 1958 758 2006 signavit.

234 2020 372 2056 Restat
407 2026 449 2057 ut
475 2021 634 2058 alteram
661 2022 851 2058 Zielinskii
886 2033 1041 2057 causam
1076 2019 1334 2064 confutemus,
1370 2031 1445 2066 qua
1472 2031 1627 2056 omnem

132 2082 409 2119 dubitationem
429 2084 619 2121 amovisse
640 2085 709 2120 sibi
728 2085 886 2120 videtur.
925 2083 989 2118 Ad
1003 2083 1193 2130 Euripidis
1212 2084 1329 2131 vitam
1344 2083 1627 2129 compilandam
1653 2084 1655 2087 ’

132 2147 404 2193 grammaticus
438 2148 565 2184 nescio
601 2148 684 2196 quis
712 2145 1118 2194 Thesmophoriazusis
1153 2145 1227 2182 hoc
1255 2146 1372 2182 modo
1397 2145 1564 2182 abutitur
1575 2144 1625 2192 2);

132 2207 289 2257 λέγουσι
327 2209 370 2246 δὲ
405 2209 473 2246 καὶ
507 2206 567 2247 ὅτι
602 2208 680 2259 [αἱ]
718 2211 895 2259 γυναῖκες
929 2206 998 2246 διὰ
1032 2206 1120 2254 τοὺς
1145 2205 1291 2257 ψόγους
1321 2202 1386 2254 οὓς
1411 2206 1542 2246 ἐποίει
1570 2205 1628 2253 εἷς

131 2265 251 2317 αὐτὰς
275 2268 344 2310 διὰ
372 2273 448 2310 τῶν
473 2269 707 2323 ποιημάτων
732 2273 815 2318 τοῖς
845 2269 1138 2321 Θεσμοφορίοις
1162 2268 1381 2320 ἐπέστησαν
1407 2265 1511 2321 αὐτῷ
1536 2273 1628 2318 βου-

131 2330 291 2381 λόμεναι
320 2329 489 2372 ἀνελεῖν·
529 2333 735 2386 ἐφείσαντο
763 2335 806 2372 δὲ
834 2330 952 2372 αὐτοῦ
980 2336 1135 2383 πρῶτον
1164 2334 1234 2380 μὲν
1262 2334 1329 2372 διὰ
1355 2331 1424 2379 τὰς
1449 2331 1626 2379 Μούσας,

131 2393 270 2435 ἔπειτα
306 2396 351 2435 δὲ
384 2387 703 2448 βεβαιωσαμένου
738 2395 877 2447 μηκέτι
913 2390 1032 2443 αὗτάς
1058 2398 1186 2443 κακῶς
1213 2395 1323 2446 ἐρεῖν.
1375 2396 1483 2433 Duas
1514 2397 1628 2443 igitur

233 2553 258 2591 ι)
278 2554 367 2584 Kock
388 2564 465 2583 com.
486 2555 550 2584 Att.
573 2554 680 2591 fragm.
703 2562 772 2591 344.

232 2605 257 2645 ²)
278 2607 430 2646 Euripidis
451 2606 571 2635 fabulae
593 2615 651 2636 rec.
673 2606 843 2644 Kirchhoff,
868 2607 1000 2635 Berolini
1025 2608 1101 2643 1867
1124 2617 1153 2645 p.
1178 2608 1232 2635 IX.
