1826 3088
784 298 1036 325 -22—

152 392 324 428 Acharn.
370 401 439 437 332
479 398 582 428 recte
629 392 873 439 cognoverit,
919 392 1024 438 quod
1070 391 1191 429 schol.
1226 391 1383 428 Thesm.
1426 404 1503 428 non
1546 392 1657 429 vidit:

152 451 437 505 παραπλήσιον
465 454 510 492 δέ
530 469 569 492 τι
597 454 666 493 καὶ
696 453 736 492 ἑν
761 456 848 500 ταῖς
869 451 1285 505 Θεσμοφοριαζούσαις
1308 451 1512 504 ἐποίησεν·
1540 451 1561 493 ὃ
1587 452 1660 505 γὰρ

151 513 374 566 Εὐριπίδου
399 513 587 567 κηδεστὴς
604 516 858 567 Μνησίλοχος
875 513 1228 565 ἐπιβουλευόμενος
1245 512 1357 564 παρὰ
1373 517 1450 554 τῶν
1468 519 1661 566 γυναικῶν

152 577 273 617 ἀσκὸν
310 574 496 628 ἁρπάσας
535 575 649 627 παρά
687 593 791 626 τινος
831 574 1011 629 γυναικός
1052 574 1104 626 ὥς
1144 572 1190 617 ἂν
1224 577 1392 617 παιδίον
1425 574 1659 619 ἀποκτεῖναι

151 639 334 690 βούλεται
348 642 392 689 ¹).

255 704 418 752 Telephi
454 704 686 752 Euripideae
725 704 884 753 gloriam
926 717 976 741 ex
1016 705 1132 752 ipsius
1166 692 1269 741 certe
1304 705 1486 741 dramatis
1521 705 1659 742 virtute

152 773 277 804 ortam
306 769 445 804 invitus
473 767 636 804 fortasse
664 769 829 804 servavit
856 773 894 803 et
921 768 1029 804 auxit
1055 768 1136 815 ipse
1164 767 1466 816 Aristophanes,
1505 769 1593 816 quia
1620 769 1657 805 in

153 830 332 867 omnibus
369 830 447 866 fere
484 830 695 867 comoediis
731 843 808 867 uno
836 830 1006 867 alterove
1033 830 1119 867 loco
1145 830 1403 868 Athenienses
1430 832 1478 868 de
1505 831 1570 868 illa
1596 832 1658 868 ad-

152 906 310 930 monere
346 894 509 930 solebat.
572 893 709 940 Itaque
746 894 783 929 in
810 893 1219 941 Thesmophoriazusis
1255 899 1395 941 poetae
1423 906 1659 943 quamquam

152 969 293 993 nomen
323 955 485 1007 Telephi
527 955 642 1003 plane
670 957 819 993 reticuit
853 962 1079 1004 exspectare
1106 956 1217 999 licuit,
1257 969 1392 993 omnes
1419 963 1659 1025 spectatores

152 1020 282 1056 statim
311 1032 428 1067 quarn
457 1020 668 1055 imitaretur
694 1020 934 1066 tragoediam
962 1019 1220 1056 intellecturos
1248 1032 1343 1057 esse.

254 1082 298 1117 In
317 1081 483 1129 Telephi
510 1082 671 1129 parodia
697 1082 974 1118 consideranda
1000 1080 1101 1117 haud
1129 1083 1452 1118 contemnendum
1474 1084 1659 1119 auxilium

154 1144 265 1181 nobis
294 1143 367 1180 fert
394 1149 561 1192 cognata
589 1144 760 1182 eiusdem
788 1145 1009 1192 tragoediae
1037 1145 1206 1192 parodia,
1235 1156 1352 1192 quam
1380 1145 1417 1181 in
1439 1145 1656 1182 Acharnen-

154 1207 260 1243 sibus
295 1208 419 1243 inesse
455 1219 570 1243 nemo
606 1207 768 1254 ignorat.
822 1208 1024 1244 Artissime
1060 1207 1197 1244 ambae
1233 1209 1330 1245 inter
1364 1221 1405 1245 se
1431 1208 1658 1255 cohaerent;

155 1282 296 1318 magna
329 1282 381 1306 ex
408 1274 519 1317 parte
547 1270 583 1305 in
611 1269 1020 1318 Thesmophoriazusis
1047 1270 1328 1318 Aristophanes
1357 1283 1404 1307 ea
1430 1272 1659 1316 retractavit,

155 1346 254 1382 quae
289 1345 391 1370 anno
427 1343 501 1380 425
537 1333 686 1381 populo
713 1333 1008 1370 Atheniensium
1035 1333 1148 1370 valde
1174 1334 1408 1382 placuerant.
1462 1333 1559 1371 Cum
1587 1334 1661 1372 alia

153 1397 203 1433 de
232 1396 373 1443 quibus
401 1395 497 1432 infra
515 1396 721 1433 dicendum
740 1397 810 1433 erit
825 1402 907 1442 tum
926 1396 1090 1444 Telephi
1108 1395 1291 1446 μηχανήν,
1320 1409 1396 1444 qua
1412 1398 1661 1446 Dicaeopolis

154 1460 191 1496 in
226 1458 542 1497 Acharnensibus
580 1467 650 1506 325
687 1472 773 1508 sqq.
811 1472 899 1496 usus
941 1465 1041 1504 erat,
1085 1461 1392 1508 quattuordecim
1427 1461 1535 1512 annis
1569 1466 1660 1510 post

154 1524 292 1560 iterum
318 1524 356 1559 in
382 1535 498 1560 scena
523 1523 678 1560 theatro
706 1523 871 1559 ostendit
897 1523 1069 1571 (Thesm.
1097 1524 1174 1571 689
1199 1525 1312 1572 sqq.).

256 1586 394 1634 Neque
429 1592 560 1623 tamen
592 1587 629 1623 in
656 1586 963 1623 Acharnensium
991 1586 1119 1623 fabul-a
1146 1587 1345 1634 parodiam
1374 1586 1536 1635 Telephi
1562 1588 1659 1624 inter

153 1654 340 1696 angustos
376 1648 471 1686 fines
506 1661 686 1685 versuum
715 1658 835 1695 325—
843 1658 911 1696 345
952 1650 1118 1686 coerceri
1150 1650 1217 1686 sed
1245 1649 1367 1686 multo
1395 1649 1546 1698 longius
1573 1662 1658 1698 pro-

152 1713 290 1749 cedere
335 1724 531 1760 nunquam
575 1712 803 1761 interpretes
846 1711 953 1761 fugit.
1020 1712 1063 1748 In
1104 1711 1514 1760 Thesmophoriazusis
1553 1713 1657 1749 docti

151 1776 329 1813 homines
357 1776 557 1824 parodiam
585 1776 808 1824 tragoediae
835 1789 912 1813 non
939 1776 1008 1812 nisi
1035 1788 1096 1814 vv..
1116 1776 1193 1823 689
1207 1787 1294 1824 sqq.
1322 1776 1507 1813 contineri
1529 1788 1658 1813 cense-

151 1840 256 1883 bant,
285 1839 392 1886 quod
420 1850 468 1875 eo
495 1839 617 1886 magis
644 1839 858 1876 mirandum
886 1838 1045 1882 videtur,
1073 1850 1161 1875 cum
1179 1838 1211 1874 F
1214 1839 1375 1875 ritzsche
1385 1839 1413 1887 2)
1443 1839 1581 1876 rectius
1607 1840 1657 1875 de

151 1917 198 1942 ea
237 1916 278 1940 re
319 1900 487 1939 iudicare
531 1903 713 1950 coeperit.
779 1901 914 1949 Itaque
955 1900 1217 1949 Bakhuyzeno
1226 1900 1258 1949 ⁸)
1297 1901 1400 1938 licuit
1439 1907 1529 1950 post
1569 1907 1659 1939 octo

151 1968 272 2004 lustra
308 1970 390 2002 rem
417 1977 441 2001 a
462 1965 495 2001 F
498 1964 677 2001 ritzschio
714 1964 932 2002 incohatam
969 1964 1118 2012 longius
1144 1965 1322 2013 persequi
1349 1965 1592 2013 Telephique
1619 1971 1659 2002 et

256 2096 280 2134 ¹)
301 2097 350 2125 De
372 2096 500 2134 Telephi
530 2096 657 2134 parodia
679 2095 818 2124 dubitare
839 2095 957 2124 videtur
976 2095 1135 2130 Schwabe,
1159 2096 1377 2134 Aristbplaanes
1398 2096 1468 2125 und
1483 2095 1660 2124 Aristoteles

150 2151 197 2179 als
215 2149 357 2179 Kritiker
377 2150 427 2177 des
449 2148 627 2186 Eunffldes,
654 2147 777 2186 Crefeld
795 2148 885 2186 Prgr.
900 2147 986 2184 1878
1007 2157 1031 2177 s.
1046 2148 1098 2182 18,
1124 2148 1176 2187 qui
1197 2148 1443 2178 Andromacham
1464 2147 1660 2187 Euripideam

151 2197 184 2233 in
210 2202 534 2242 Thesmophoriazusis
564 2201 652 2231 illudi
674 2206 777 2239 putat:
812 2201 918 2230 ›Noclz
940 2201 1103 2230 deutlicher
1122 2200 1203 2230 wird
1222 2201 1288 2240 auf
1302 2201 1349 2230 die
1372 2202 1582 2231 Andromache
1604 2210 1661 2229 an—

148 2258 276 2296 gespielt
303 2256 336 2284 in
358 2256 415 2285 den
442 2256 472 2284 T
467 2255 558 2284 hesm.
580 2262 659 2291 750,
693 2263 740 2283 wo
766 2254 819 2282 der
838 2254 870 2282 in
890 2255 944 2283 der
972 2254 1313 2292 Weiberversammlung
1327 2255 1368 2283 in
1392 2255 1439 2284 die
1453 2254 1574 2292 graeffste
1592 2254 1660 2283 Not

146 2314 287 2348 geratene
307 2309 516 2339 Mnesilochus
541 2308 605 2337 siclt
632 2307 770 2336 dadurclz
791 2317 830 2335 zu
852 2307 969 2336 sichem
992 2308 1094 2352 sucht,
1123 2308 1195 2345 dass
1219 2317 1251 2337 er
1268 2308 1350 2337 einer
1372 2308 1459 2337 Frau
1479 2307 1532 2337 ihr
1550 2308 1660 2337 kleines

147 2363 242 2390 Kind
259 2379 299 2385 —
320 2373 381 2391 von
408 2363 461 2391 der
480 2362 580 2391 Brust
607 2360 725 2398 rassl«.
774 2361 833 2390 Vix
858 2370 936 2399 opus
958 2365 1003 2390 est
1024 2361 1138 2398 dicere,
1169 2362 1247 2391 hanc
1267 2362 1446 2401 opinionem
1468 2371 1507 2391 ne
1528 2360 1659 2400 speciem

148 2416 274 2454 quidem
306 2416 440 2446 veritatis
471 2415 593 2445 habere.
644 2414 770 2443 Prorsus
802 2413 861 2442 alia
892 2418 938 2443 est
970 2423 1068 2443 rerum
1097 2414 1236 2443 condicio
1264 2414 1296 2443 in
1324 2402 1482 2453 tragoedia
1507 2418 1598 2452 atque
1628 2413 1659 2442 in

148 2470 316 2499 comoedia.
359 2469 576 2499 Andromacha
599 2468 665 2497 sola
693 2468 723 2496 in
751 2477 833 2497 aram
855 2467 994 2506 confugit
1022 2476 1113 2506 quam
1141 2471 1174 2496 ut
1196 2467 1267 2497 inde
1290 2467 1426 2506 depellat
1449 2467 1606 2496 Menelaus
1627 2475 1659 2496 se

149 2523 212 2551 eius
233 2532 361 2560 puerum
382 2527 559 2551 necaturum
581 2531 645 2550 esse
667 2521 814 2555 minatur-3
839 2520 1045 2549 Mnesilochus
1070 2530 1139 2549 cum
1160 2520 1276 2549 infante
1298 2525 1386 2559 rapta
1408 2521 1440 2550 in
1461 2530 1512 2550 ara
1536 2520 1659 2550 assidet.

149 2574 260 2604 Nescio
282 2585 343 2613 qua
365 2575 480 2604 ratione
502 2574 560 2604 hae
582 2573 802 2603 diversissimae
824 2583 869 2603 res
891 2573 1058 2611 comparari
1079 2573 1127 2601 vel
1149 2573 1292 2611 coniungi
1315 2573 1441 2612 possint.

252 2626 277 2665 ²)
298 2629 320 2658 l.
345 2638 372 2658 a.
397 2628 454 2657 188
477 2638 522 2666 sq.

253 2679 278 2717 ³)
299 2681 320 2711 l.
343 2681 362 2711 Ι.
389 2688 518 2718 17—22,
547 2688 717 2718 119—122.
