1826 3088
783 262 1036 299 -44-

152 355 242 391 sidis
270 353 329 390 cui
357 354 469 401 pauci
497 353 622 391 solum
645 366 780 391 versus
799 355 980 392 recitandi
1002 360 1090 391 sunt
1111 366 1317 403 personam
1334 354 1664 403 parachoregema

152 418 257 465 quod
289 422 450 454 vocatur
487 416 709 457 habendam
745 430 830 455 esse
869 423 908 455 et
942 430 1148 467 personam
1177 416 1347 465 Scythae
1374 419 1439 465 qui
1466 431 1588 467 usque
1615 419 1665 456 ad

151 493 185 517 v.
215 480 291 527 946
319 480 408 517 nihil
437 480 595 518 omnino
623 481 813 529 loquitur;
855 487 946 529 post
981 494 1017 520 ν.
1044 478 1254 529 946'act0r
1281 493 1469 529 personae
1497 482 1663 520 mulieris

151 546 193 589 Γ,
222 555 339 590 quam
367 543 518 579 silentio
555 556 597 580 se
628 545 860 581 subduxisse
887 557 1002 592 supra
1029 544 1153 580 mirati
1180 556 1322 588 summ,
1354 566 1400 572 —
1428 545 1503 581 iam
1531 557 1598 582 cur
1624 546 1662 583 id

151 605 284 642 fecerit
310 611 473 654 apparet
499 627 551 633 —-
578 612 708 654 partes
735 607 898 651 barbari,
928 607 993 654 qui
1017 618 1104 643 cum
1125 606 1365 656 Mnesilocho
1385 607 1618 655 aliquamdiu
1631 608 1660 657 1)

151 681 309 705 scenam
335 668 523 717 relinquit,
552 670 724 717 agendas
752 669 920 717 suscipit.

255 730 373 779 Quod
403 737 533 768 autem
553 732 651 768 Beer
678 733 794 769 etiam
822 732 1021 770 mulierem
1040 735 1076 770 B
1095 744 1195 781 quae
1214 732 1320 769 brevi
1338 733 1469 770 habita
1486 734 1661 771 oratione

149 795 226 841 458
261 794 413 831 decedit
453 795 783 843 parachoregema
824 807 908 832 esse
941 796 1164 839 arbitratur,
1206 795 1370 833 multum
1408 796 1520 834 abest
1551 802 1602 834 ut·
1627 797 1661 834 ei

150 858 347 897 assentiar.
393 858 495 894 Nam
524 858 701 905 quamvis
727 858 825 896 salse
843 858 1126 908 Aristophanes
1154 858 1233 895 eius
1260 858 1470 897 discessum
1496 861 1663 909 probare

151 922 325 964 studeat,
362 920 518 957 ridicule
553 920 681 957 verbis
710 921 771 960 δεῖ
794 919 866 972 γὰρ
892 917 1082 971 ἀνδράσιν
1108 921 1253 969 πλέξαι
1278 919 1491 973 στεφάνους
1517 926 1662 975 συνθη-

150 982 361 1033 ματιαίους
394 979 547 1021 εἴκοσιν
583 996 629 1020 ea
656 983 876 1028 confutans,
919 997 1019 1033 quae
1047 985 1163 1033 paulo
1191 990 1280 1022 ante
1307 985 1371 1022 illa
1397 985 1568 1034 Euripidi
1596 998 1661 1034 op·

151 1047 310 1095 probrio
339 1047 456 1090 dedit,
485 1052 616 1083 tamen
642 1059 775 1084 revera
797 1048 900 1084 abire
928 1048 1079 1084 videtur
1098 1054 1140 1084 ut
1160 1060 1302 1085 novam
1320 1069 1369 1075 —
1389 1047 1593 1085 Clisthenis
1613 1069 1661 1075 —-

150 1122 359 1158 personam
389 1114 528 1148 sumat.

257 1170 334 1207 Sed
376 1171 600 1220 priusquam
639 1172 749 1209 nobis
785 1178 915 1221 partes
951 1173 1117 1209 mulieris
1148 1175 1181 1210 B
1207 1174 1473 1220 tritagonistae
1500 1195 1549 1201 —-
1576 1166 1661 1221 pro-

152 1234 348 1281 tagonista
375 1234 521 1272 interea
547 1235 839 1279 Mnesilochum,
868 1236 1182 1283 deuteragonista
1209 1236 1407 1272 mulierem
1432 1238 1480 1273 A
1506 1236 1586 1284 agit
1612 1256 1662 1263 —

150 1297 319 1334 tribuere
337 1297 460 1341 liceat,
487 1298 763 1335 decertandum
786 1304 844 1337 est
862 1311 951 1336 cum
970 1298 1117 1342 Beerio,
1146 1299 1211 1345 qui
1229 1299 1438 1335 sacerdotis
1457 1310 1661 1346 personam

151 1350 222 1408 per
248 1360 547 1397 illum'sustineri
568 1361 783 1400 arbitratur.
828 1362 1030 1411 Improbat
1048 1362 1147 1398 enim
1169 1362 1288 1398 homo
1308 1362 1445 1398 doctus
1463 1361 1662 1410 vulgatam

150 1436 251 1471 quae
288 1424 564 1460 additamento·
595 1426 738 1462 codicis
767 1425 803 1463 G
838 1426 968 1462 nititur
1004 1420 1241 1472 opinionem,
1283 1436 1343 1461 vv.
1381 1433 1577 1472 295-311
1623 1429 1663 1462 et

153 1496 172 1533 3
180 1495 353 1533 32—351
395 1488 597 1534 praeconis
636 1501 721 1525 esse
758 1494 874 1537 atque
902 1488 1144 1525 sacerdotem
1171 1488 1300 1536 potius
1325 1488 1519 1535 quandam
1546 1488 1662 1525 sacris

150 1550 353 1587 sollemnia
380 1548 673 1589 consecrantem
701 1564 747 1589 ea
774 1552 891 1589 verba
920 1551 1101 1588 recitasse
1126 1555 1269 1587 censet.
1318 1549 1396 1587 Sed
1423 1562 1661 1597 quamquam

151 1614 386 1650 concedatur
422 1620 598 1661 oportet,
636 1614 820 1651 nonnulla
846 1615 883 1651 in
910 1615 966 1651 eis
993 1614 1166 1651 versibus
1190 1625 1407 1657 occurrere,
1445 1625 1546 1661 quae
1572 1625 1661 1650 cum

150 1676 362 1712 sacerdotis
389 1669 518 1723 potius
539 1688 657 1723 quarn
676 1678 877 1724 praeconis
897 1675 1025 1713 indole
1047 1676 1276 1723 conspirent,
1303 1682 1434 1712 tamen
1452 1676 1662 1712 tenendum

149 1744 219 1779 est,
249 1737 299 1774 ab
327 1738 434 1775 initio
461 1737 614 1776 fabulae
642 1739 832 1776 contionis
859 1751 936 1776 non
963 1738 1207 1775 sollemnium
1231 1738 1401 1786 speciem
1427 1737 1659 1786 praevalere.

150 1800 269 1837 Sacra
295 1813 389 1837 vero
426 1802 585 1838 omnino
621 1801 723 1839 facta
750 1814 834 1839 esse
862 1815 939 1839 uno
967 1814 1079 1838 versu
1106 1801 1179 1849 693
1209 1802 1316 1838 cuius
1342 1801 1461 1838 verba
1489 1798 1561 1838 ἐπὶ
1586 1800 1664 1839 τῶν

149 1863 302 1915 μηρίων
336 1864 485 1901 etiamsi
518 1865 665 1913 tragica
701 1877 778 1901 non
811 1870 900 1902 sunt
934 1871 1066 1903 tamen
1093 1865 1194 1901 elata
1221 1864 1389 1913 quadam
1416 1864 1583 1901 dictione
1610 1863 1662 1900 nil

150 1929 220 1964 nisi
248 1926 319 1966 ἐπὶ
345 1928 414 1966 τοῦ
440 1929 577 1975 βωμοῦ
587 1928 617 1975 ²)
645 1928 859 1976 significare
885 1929 1072 1973 videntur,
1102 1940 1238 1977 parum
1256 1927 1543 1975 comprobatur,
1573 1927 1662 1976 quia

150 2003 197 2028 eo
233 1990 321 2027 loco
358 2003 436 2039 quo
471 2002 564 2038 prae
599 1991 735 2027 ceteris
771 2004 906 2028 eorum
943 1992 1088 2027 mentio
1121 1996 1202 2027 erat
1228 1989 1442 2037 facienda8)
1470 2012 1520 2016 —
1551 1990 1662 2027 »nihil

149 2056 252 2091 enim
280 2054 359 2091 fere
386 2053 430 2091 fit
458 2055 495 2091 in
523 2053 762 2091 Graecorum
786 2055 993 2103 tragoediis
1020 2054 1307 2102 comoediisque
1336 2053 1426 2102 quin
1449 2051 1530 2089 fieri
1549 2052 1661 2089 simul

149 2118 335 2156 indicetur
362 2118 573 2163 oratione«,
603 2118 656 2156 M.
677 2117 812 2165 Haupt
830 2130 964 2167 opusc.
983 2118 1019 2155 II
1036 2118 1114 2164 460
1132 2141 1178 2146 —-
1199 2129 1276 2154 non
1296 2121 1660 2154 commemorantur.

152 2180 230 2218 Sed
245 2182 345 2218 Beer
358 2186 497 2228 postea
512 2193 670 2229 quoque
685 2180 784 2216 illius
798 2182 1008 2218 sacerdotis
1021 2182 1183 2229 vestigia
1196 2181 1347 2228 reperit,
1362 2192 1451 2216 cum
1466 2179 1664 2216 mulierem

151 2247 187 2283 Γ
206 2244 269 2295 cui
291 2243 552 2281 Mnesilochus
579 2256 615 2282 v.
636 2243 711 2292 762
740 2244 1013 2281 custodiendus
1040 2244 1213 2289 traditur,
1239 2243 1402 2281 eandem
1429 2253 1515 2279 esse
1541 2253 1664 2279 sacer-

150 2309 284 2345 dotem
312 2314 477 2348 censeat.
525 2307 643 2355 Quod
672 2320 719 2344 ne
748 2309 959 2345 concedam
987 2309 1154 2356 primum
1176 2307 1337 2356 impedit
1355 2306 1563 2343 obscurum
1583 2319 1662 2343 mu-

150 2371 250 2409 lieris
275 2382 418 2408 nomen
437 2369 643 2420 Κρίτυλλα
664 2375 825 2419 totaque
844 2370 943 2408 illius
961 2384 1150 2420 personae
1169 2371 1309 2408 rustica
1328 2369 1497 2415 indoles;
1525 2369 1662 2406 deinde

150 2457 197 2462 —
227 2436 309 2483 ipse
337 2435 437 2471 Beer
473 2435 510 2474 id
548 2434 734 2482 cognovit
760 2455 811 2461 —
838 2436 943 2482 quod
979 2447 1112 2472 eorum
1148 2447 1247 2482 quae
1282 2435 1319 2471 in
1355 2434 1535 2470 contione
1563 2432 1664 2470 facta

253 2537 279 2575 1)
300 2538 425 2567 Thesm.
448 2538 641 2574 946—1001.

254 2590 280 2630 2)
301 2591 340 2621 cf.
363 2591 560 2620 Fritzschium
582 2591 621 2620 ad
643 2600 719 2621 vers.

252 2644 278 2683 ⁸)
299 2645 377 2674 eirea
398 2655 426 2674 v.
448 2652 518 2683 295.
