1826 3088
722 230 1016 293 ²-27-

143 360 193 385 ex
229 348 367 384 eodem
389 337 509 385 vfonte
536 347 679 385 scilicet
706 358 728 383 e
754 348 977 395 tragoediae
1005 347 1170 395 prologo
1198 346 1376 383 haustum
1405 360 1489 384 esse
1517 346 1643 383 existi-

144 423 259 449 mem.
325 409 459 457 Quod
487 424 573 447 cum
618 410 679 447 vel
723 410 759 445 in
801 410 966 459 prologo
1006 411 1223 458 Telephum
1263 417 1402 458 poetae
1439 412 1474 447 in
1514 411 1643 446 animo
1679 422 1682 425 ·

142 478 334 513 versatam
371 486 454 511 esse
489 474 703 516 videamus,
741 485 818 509 non
857 473 930 509 iam
967 472 1188 509 mirabimur
1223 485 1309 509 eum
1345 474 1522 521 propriae
1550 484 1641 521 quo-

144 548 218 583 que
255 535 405 574 fabulae
440 548 693 585 permagnam
732 541 881 584 partem
907 537 955 573 ad
982 536 1205 584 tragoediae
1232 537 1513 573 similitudinem
1541 547 1641 579 com-

143 600 327 647 posuisse.
356 622 406 627 —
450 618 452 621 v

243 662 405 711 Telephi
432 662 645 699 Palamedis
671 662 843 699 Helenae
872 662 1145 699 Andromedae
1184 662 1366 710 parodiae
1401 667 1524 698 totam
1561 660 1639 697 fere

141 727 384 762 comoediam
424 724 603 762 efficiunt.
666 725 816 762 Tamen
859 737 1104 774 quocumque
1148 725 1235 761 loco
1276 726 1441 773 spatium
1485 724 1642 771 aliquod

142 789 317 836 quamvis
353 789 535 837 exiguum
573 788 812 836 relinquitur,
848 788 907 825 alii
944 800 1102 837 quoque
1136 789 1269 836 tragici
1296 800 1429 825 versus
1457 792 1641 824 occurunt

142 852 203 888 hic
221 852 295 888 illic
314 852 485 900 dispersi,
514 857 664 899 praeter
687 864 802 888 unum
822 852 947 889 locum
966 851 1231 899 Aeschyleum
1253 851 1425 898 (Thesm.
1450 851 1520 897 136
1540 852 1641 898 sqq.)

142 915 266 951 cuncti
294 915 343 951 ab
361 914 542 962 Euripide
569 915 815 951 commodati.
861 915 973 951 Mitto
1002 915 1149 962 singula
1176 926 1398 951 enumerare
1425 926 1512 950 cum
1540 914 1599 950 alii
1612 914 1642 961 ¹)

143 983 319 1014 accurate
338 978 610 1025 congesserint.
644 977 847 1014 Accedunt
865 977 1055 1026 permulta
1074 990 1171 1026 quae
1191 978 1439 1026 Euripideum
1458 976 1641 1025 loquendi

141 1053 263 1089 genus
289 1047 370 1078 tam
397 1041 597 1089 diligenter
624 1041 827 1085 imitantur,
864 1047 905 1078 ut
931 1054 954 1078 a
980 1041 1152 1089 genuinis
1179 1041 1322 1078 secerni
1350 1041 1416 1077 vix
1442 1041 1589 1088 possint
1601 1040 1641 1088 2).

142 1102 279 1140 Omnis
306 1104 384 1140 fere
411 1104 539 1141 fabula
556 1104 764 1151 Euripideo
792 1104 920 1140 colore
945 1105 1063 1141 tincta
1088 1110 1156 1141 est.
1202 1105 1291 1141 Non
1318 1117 1364 1140 ea
1390 1104 1515 1140 solum
1543 1115 1642 1151 quae

141 1166 224 1215 ipse
250 1166 453 1214 Euripides
489 1167 707 1214 pronuntiat
742 1172 783 1203 ut
819 1179 984 1214 aequum
1020 1173 1079 1204 est
1110 1168 1392 1204 accuratissime
1418 1167 1467 1203 ab
1495 1166 1642 1202 Aristo-

141 1230 267 1278 phane
303 1231 351 1266 ad
391 1230 470 1267 eius
505 1230 711 1267 dictionem
745 1235 784 1266 et
811 1231 996 1266 rationem
1023 1231 1452 1275 accommodatavsunn
1481 1229 1642 1277 Agatho

142 1303 299 1340 quoque
335 1304 569 1341 quamquam
609 1293 690 1341 ipse
724 1293 836 1329 valde
871 1293 1136 1340 perstringitur
1163 1290 1212 1320 -'
1247 1292 1529 1341 Aristophanes
1564 1305 1642 1328 uno

140 1355 216 1392 ictu
243 1356 342 1393 duos
369 1362 569 1404 percutere
596 1355 696 1392 solet
722 1377 771 1382 --
797 1368 945 1391 musam
964 1356 1210 1403 Euripideam
1236 1356 1333 1392 ridet
1344 1356 1397 1403 ⁸);
1435 1356 1568 1392 mulier
1595 1357 1642 1392 A

139 1420 346 1467 tragoediis
372 1419 587 1467 Euripideis
614 1419 865 1455 eruditissima
889 1424 967 1464 est3
1003 1431 1095 1466 prae
1123 1420 1257 1456 ceteris
1285 1431 1376 1456 vero
1403 1414 1641 1469 εὖριπιδίζει

141 1482 400 1519 Mnesilochus
441 1482 505 1530 qui
546 1483 583 1518 in
622 1483 836 1528 posteriore
876 1482 1118 1530 potissimum
1158 1482 1309 1519 fabulae
1344 1490 1452 1531 parte
1463 1483 1495 1530 4)
1531 1482 1639 1530 quasi

140 1546 235 1584 alter
270 1546 474 1594 Euripides
514 1546 594 1582 eius
634 1546 821 1582 rationem
862 1546 1037 1582 imitatur.
1102 1545 1257 1594 Operae
1295 1547 1459 1594 pretium
1496 1552 1554 1583 est
1590 1558 1641 1582 ex

140 1608 270 1645 multis
305 1609 580 1656 lepidissimum
617 1609 769 1656 eligere.
830 1609 873 1644 In
909 1609 1244 1645 lamentationibus
1271 1610 1499 1646 Mnesilochi
1536 1610 1639 1657 capti

138 1671 346 1708 identidem
368 1661 576 1708 occurrunt
611 1670 800 1709 vocabula
825 1668 992 1722 μηχανή
1030 1670 1222 1721 σωτηρία,
1260 1669 1394 1721 ἐλπίς,
1430 1684 1529 1720 quae
1556 1684 1635 1709 sae-

139 1734 294 1782 pissime
321 1735 371 1771 ab
396 1734 580 1782 Euripide
608 1734 644 1769 in
670 1734 877 1781 tragoediis
903 1736 1074 1782 usurpari
1102 1747 1216 1771 nemo
1244 1735 1406 1781 ignorat.
1460 1735 1553 1771 Prae
1581 1747 1639 1771 ce-

138 1797 229 1834 teris
264 1809 357 1834 vero
392 1802 451 1833 est
486 1808 566 1833 vox
594 1793 710 1842 ἕλπίς
733 1796 841 1844 apud
868 1797 1056 1843 tragicum
1083 1798 1345 1842 usitatissima,
1383 1799 1430 1834 de
1458 1809 1534 1845 qua
1560 1798 1637 1834 ubi-

139 1871 303 1908 cumque
330 1859 593 1907 philosophari
621 1858 772 1905 soletf’).
818 1858 968 1896 Heracl.
985 1869 1059 1905 433
1089 1872 1175 1896 eam
1204 1860 1329 1896 divina
1349 1861 1469 1897 induit
1488 1862 1636 1908 specie:

464 1920 504 1959 τί
532 1918 615 1973 δῆτ’
647 1918 813 1972 ἔτερψας
840 1912 871 1959 ὦ
895 1916 1063 1960 τῖ’λαινά
1089 1935 1137 1970 με
1156 1917 1308 1969 Ἐλπίς.

139 1984 267 2033 Quem
294 1986 422 2023 locum
450 1988 480 2022 si
508 1997 596 2022 cum
622 1985 829 2022 andacibus
855 1985 1045 2032 Euripidis
1072 1987 1198 2023 verbis
1225 1986 1312 2023 Hel.
1344 1987 1437 2033 560:

400 2041 432 2088 ὦ
457 2047 570 2087 θεοί·
588 2045 692 2095 Δθεὸς
719 2045 790 2099 γὰρ
816 2046 884 2085 καὶ
909 2044 953 2085 τὸ
982 2045 1206 2099 γιγνώσκειν
1234 2048 1375 2101 φίλους

137 2124 351 2161 comparas,
381 2112 660 2157 Mnesilochum
688 2112 814 2160 lepide
829 2111 1075 2159 Euripideam
1103 2113 1290 2149 rationem
1309 2114 1417 2160 sequi
1436 2112 1635 2161 intellegis,

138 2188 225 2213 cum
253 2170 332 2213 non
358 2176 482 2213 minus
510 2176 692 2212 audacter
718 2174 874 2212 Thesm.
909 2184 1006 2222 1009
1032 2176 1244 2213 exclamet:

494 2236 560 2276 ἔα·
584 2236 687 2284 θεοί,
715 2238 792 2276 Ζεῦ
818 2237 951 2285 σῶτερ,
980 2235 1081 2276 εἰσὶν
1107 2236 1279 2285 ἐλπίδες.

240 2330 266 2370 ¹)
286 2331 425 2361 Ribbeck
446 2331 577 2362 Acharn.
602 2340 672 2369 app.
696 2331 755 2367 276
776 2339 860 2369 sqq.;
885 2329 1069 2368 Bakhuyzen
1093 2340 1123 2369 p.
1149 2338 1203 2368 107
1227 2340 1292 2369 sqq.

239 2383 265 2423 5⁸)
284 2395 318 2428 v.⁴
335 2385 519 2423 Bakhuyzen
540 2395 571 2423 p.
594 2392 661 2421 219'.

238 2436 264 2476 ³)
285 2439 408 2468 Thesm.
436 2446 490 2476 193
513 2447 580 2476 sqq.

238 2489 265 2530 ⁴)
285 2491 408 2521 Thesm.
432 2491 489 2529 765
512 2500 578 2528 sqq.

238 2542 264 2583 ⁶)
284 2545 322 2575 cf.
345 2544 506 2575 Herc..80
534 2553 589 2581 sq.‚
621 2551 672 2580 91,
706 2550 761 2582 105
789 2552 848 2582 sq.;
878 2543 985 2582 Suppl.
1011 2551 1091 2584 4793
1120 2545 1241 2575 Heracl.
1263 2552 1319 2583 451
1345 2554 1428 2584 sqq.;
1458 2544 1533 2574 Hee.
1556 2551 1634 2582 3513

136 2597 290 2627 Phoeniss.
313 2597 373 2635 396
393 2607 471 2635 sqq„
497 2597 566 2635 634.
