<?xml version="1.0" encoding="UTF-8"?>
<!DOCTYPE html PUBLIC "-//W3C//DTD XHTML 1.0 Transitional//EN"
    "http://www.w3.org/TR/xhtml1/DTD/xhtml1-transitional.dtd">
<html xmlns="http://www.w3.org/1999/xhtml" xml:lang="en" lang="en">
 <head>
  <title>
</title>
<meta http-equiv="Content-Type" content="text/html;charset=utf-8" />
  <meta name='ocr-system' content='tesseract 3.04.00' />
  <meta name='ocr-capabilities' content='ocr_page ocr_carea ocr_par ocr_line ocrx_word'/>
</head>
<body>
  <div class='ocr_page' id='page_1' title='image "./4627078_0028.png"; bbox 0 0 1826 3088; ppageno 0'>
   <div class='ocr_carea' id='block_1_1' title="bbox 69 2657 106 2672">
    <p class='ocr_par' dir='ltr' id='par_1_1' title="bbox 69 2657 106 2672">
     <span class='ocr_line' id='line_1_1' title="bbox 69 2657 106 2672; baseline 0 -5"><span class='ocrx_word' id='word_1_1' title='bbox 69 2657 106 2672; x_wconf 70' lang='grc' dir='ltr'>,ι</span> 
     </span>
    </p>
   </div>
   <div class='ocr_carea' id='block_1_2' title="bbox 784 255 1036 291">
    <p class='ocr_par' dir='ltr' id='par_1_2' title="bbox 784 255 1036 291">
     <span class='ocr_line' id='line_1_2' title="bbox 784 255 1036 291; baseline 0 -21"><span class='ocrx_word' id='word_1_2' title='bbox 784 255 1036 291; x_wconf 45' lang='lat'><strong>*19-</strong></span> 
     </span>
    </p>
   </div>
   <div class='ocr_carea' id='block_1_3' title="bbox 149 343 1667 2094">
    <p class='ocr_par' dir='ltr' id='par_1_3' title="bbox 158 343 1661 581">
     <span class='ocr_line' id='line_1_3' title="bbox 158 343 1661 395; baseline -0.002 -12"><span class='ocrx_word' id='word_1_3' title='bbox 158 346 340 395; x_wconf 90' lang='lat' dir='ltr'>parodiae</span> <span class='ocrx_word' id='word_1_4' title='bbox 375 351 484 394; x_wconf 88' lang='lat' dir='ltr'>parte</span> <span class='ocrx_word' id='word_1_5' title='bbox 519 346 557 382; x_wconf 90' lang='lat' dir='ltr'>in</span> <span class='ocrx_word' id='word_1_6' title='bbox 592 357 669 393; x_wconf 90' lang='lat' dir='ltr'>qua</span> <span class='ocrx_word' id='word_1_7' title='bbox 694 343 864 392; x_wconf 84' lang='lat' dir='ltr'>Scythae</span> <span class='ocrx_word' id='word_1_8' title='bbox 891 344 1093 393; x_wconf 87' lang='lat' dir='ltr'>interloqui</span> <span class='ocrx_word' id='word_1_9' title='bbox 1121 357 1197 382; x_wconf 90' lang='lat' dir='ltr'>non</span> <span class='ocrx_word' id='word_1_10' title='bbox 1225 345 1313 382; x_wconf 91' lang='lat' dir='ltr'>licet</span> <span class='ocrx_word' id='word_1_11' title='bbox 1324 344 1372 392; x_wconf 87' lang='lat'>¹),</span> <span class='ocrx_word' id='word_1_12' title='bbox 1411 346 1449 382; x_wconf 93' lang='lat' dir='ltr'>in</span> <span class='ocrx_word' id='word_1_13' title='bbox 1476 344 1661 381; x_wconf 91' lang='lat' dir='ltr'>monodia</span> 
     </span>
     <span class='ocr_line' id='line_1_4' title="bbox 161 407 1660 456; baseline -0.001 -11"><span class='ocrx_word' id='word_1_14' title='bbox 161 409 238 446; x_wconf 89' lang='lat' dir='ltr'>scil.</span> <span class='ocrx_word' id='word_1_15' title='bbox 275 421 336 445; x_wconf 91' lang='lat' dir='ltr'>vv.</span> <span class='ocrx_word' id='word_1_16' title='bbox 370 416 614 455; x_wconf 83' lang='lat'>1015—1055</span> <span class='ocrx_word' id='word_1_17' title='bbox 657 409 740 455; x_wconf 91' lang='lat' dir='ltr'>ipse</span> <span class='ocrx_word' id='word_1_18' title='bbox 775 407 1034 444; x_wconf 91' lang='lat' dir='ltr'>Mnesilochus</span> <span class='ocrx_word' id='word_1_19' title='bbox 1071 409 1197 444; x_wconf 88' lang='lat' dir='ltr'>verbis</span> <span class='ocrx_word' id='word_1_20' title='bbox 1231 409 1383 456; x_wconf 83' lang='lat' dir='ltr'>tragicis</span> <span class='ocrx_word' id='word_1_21' title='bbox 1419 409 1564 445; x_wconf 90' lang='lat' dir='ltr'>ludicra</span> <span class='ocrx_word' id='word_1_22' title='bbox 1598 408 1660 444; x_wconf 88' lang='lat' dir='ltr'>ad-</span> 
     </span>
     <span class='ocr_line' id='line_1_5' title="bbox 161 460 1659 518; baseline -0.001 -9"><span class='ocrx_word' id='word_1_23' title='bbox 161 472 357 509; x_wconf 88' lang='lat' dir='ltr'>miscenda</span> <span class='ocrx_word' id='word_1_24' title='bbox 380 477 498 515; x_wconf 90' lang='lat' dir='ltr'>curat,</span> <span class='ocrx_word' id='word_1_25' title='bbox 527 471 664 509; x_wconf 88' lang='lat' dir='ltr'>iterum</span> <span class='ocrx_word' id='word_1_26' title='bbox 691 476 808 518; x_wconf 92' lang='lat' dir='ltr'>atque</span> <span class='ocrx_word' id='word_1_27' title='bbox 834 470 969 507; x_wconf 90' lang='lat' dir='ltr'>iterum</span> <span class='ocrx_word' id='word_1_28' title='bbox 996 460 1019 506; x_wconf 86' lang='lat' dir='ltr'>a</span> <span class='ocrx_word' id='word_1_29' title='bbox 1042 470 1263 518; x_wconf 84' lang='lat' dir='ltr'>tragoediae</span> <span class='ocrx_word' id='word_1_30' title='bbox 1290 471 1397 518; x_wconf 86' lang='lat' dir='ltr'>quasi</span> <span class='ocrx_word' id='word_1_31' title='bbox 1425 471 1486 507; x_wconf 91' lang='lat' dir='ltr'>via</span> <span class='ocrx_word' id='word_1_32' title='bbox 1509 470 1659 507; x_wconf 90' lang='lat' dir='ltr'>iocandi</span> 
     </span>
     <span class='ocr_line' id='line_1_6' title="bbox 160 535 711 581; baseline 0 -9"><span class='ocrx_word' id='word_1_33' title='bbox 160 547 275 572; x_wconf 90' lang='lat' dir='ltr'>causa</span> <span class='ocrx_word' id='word_1_34' title='bbox 302 535 482 571; x_wconf 85' lang='lat' dir='ltr'>aberrans</span> <span class='ocrx_word' id='word_1_35' title='bbox 493 535 535 581; x_wconf 78' lang='lat'>²).</span> <span class='ocrx_word' id='word_1_36' title='bbox 708 573 711 577; x_wconf 82' lang='grc'><strong>,</strong></span> 
     </span>
    </p>

    <p class='ocr_par' dir='ltr' id='par_1_4' title="bbox 149 594 1661 1516">
     <span class='ocr_line' id='line_1_7' title="bbox 261 594 1657 644; baseline -0.001 -9"><span class='ocrx_word' id='word_1_37' title='bbox 261 598 373 635; x_wconf 92' lang='lat' dir='ltr'>Nova</span> <span class='ocrx_word' id='word_1_38' title='bbox 399 597 527 644; x_wconf 90' lang='lat' dir='ltr'>aliqua</span> <span class='ocrx_word' id='word_1_39' title='bbox 554 595 735 644; x_wconf 87' lang='lat' dir='ltr'>parodiae</span> <span class='ocrx_word' id='word_1_40' title='bbox 763 594 908 632; x_wconf 82' lang='lat' dir='ltr'>ratione</span> <span class='ocrx_word' id='word_1_41' title='bbox 934 595 1216 643; x_wconf 87' lang='lat' dir='ltr'>Aristophanes</span> <span class='ocrx_word' id='word_1_42' title='bbox 1243 597 1280 633; x_wconf 88' lang='lat' dir='ltr'>in</span> <span class='ocrx_word' id='word_1_43' title='bbox 1314 609 1374 633; x_wconf 92' lang='lat' dir='ltr'>vv.</span> <span class='ocrx_word' id='word_1_44' title='bbox 1409 596 1657 644; x_wconf 83' lang='lat'>1056—1097</span> 
     </span>
     <span class='ocr_line' id='line_1_8' title="bbox 159 659 1660 709; baseline -0.001 -11"><span class='ocrx_word' id='word_1_45' title='bbox 159 662 275 698; x_wconf 91' lang='lat' dir='ltr'>utitur</span> <span class='ocrx_word' id='word_1_46' title='bbox 302 673 400 708; x_wconf 91' lang='lat' dir='ltr'>quos</span> <span class='ocrx_word' id='word_1_47' title='bbox 427 672 496 709; x_wconf 91' lang='lat' dir='ltr'>per</span> <span class='ocrx_word' id='word_1_48' title='bbox 536 672 577 695; x_wconf 89' lang='lat' dir='ltr'>se</span> <span class='ocrx_word' id='word_1_49' title='bbox 605 659 902 695; x_wconf 84' lang='lat' dir='ltr'>considerandos</span> <span class='ocrx_word' id='word_1_50' title='bbox 928 671 1013 696; x_wconf 88' lang='lat' dir='ltr'>esse</span> <span class='ocrx_word' id='word_1_51' title='bbox 1040 672 1155 707; x_wconf 91' lang='lat' dir='ltr'>supra</span> <span class='ocrx_word' id='word_1_52' title='bbox 1182 660 1271 696; x_wconf 84' lang='lat' dir='ltr'>dixi.</span> <span class='ocrx_word' id='word_1_53' title='bbox 1326 660 1572 708; x_wconf 88' lang='lat' dir='ltr'>Perspicuum</span> <span class='ocrx_word' id='word_1_54' title='bbox 1601 666 1660 697; x_wconf 91' lang='lat' dir='ltr'>est</span> 
     </span>
     <span class='ocr_line' id='line_1_9' title="bbox 159 720 1659 772; baseline -0.001 -11"><span class='ocrx_word' id='word_1_55' title='bbox 159 724 197 761; x_wconf 90' lang='lat' dir='ltr'>in</span> <span class='ocrx_word' id='word_1_56' title='bbox 222 723 422 772; x_wconf 85' lang='lat' dir='ltr'>tragoedia</span> <span class='ocrx_word' id='word_1_57' title='bbox 441 734 525 758; x_wconf 76' lang='lat' dir='ltr'>non</span> <span class='ocrx_word' id='word_1_58' title='bbox 553 721 672 758; x_wconf 91' lang='lat' dir='ltr'>multa</span> <span class='ocrx_word' id='word_1_59' title='bbox 699 720 814 757; x_wconf 87' lang='lat' dir='ltr'>fuisse</span> <span class='ocrx_word' id='word_1_60' title='bbox 841 732 938 769; x_wconf 89' lang='lat' dir='ltr'>quae</span> <span class='ocrx_word' id='word_1_61' title='bbox 965 722 1115 758; x_wconf 91' lang='lat' dir='ltr'>comico</span> <span class='ocrx_word' id='word_1_62' title='bbox 1143 723 1192 758; x_wconf 91' lang='lat' dir='ltr'>ad</span> <span class='ocrx_word' id='word_1_63' title='bbox 1218 723 1349 759; x_wconf 92' lang='lat' dir='ltr'>Echus</span> <span class='ocrx_word' id='word_1_64' title='bbox 1373 735 1529 759; x_wconf 88' lang='lat' dir='ltr'>scenam</span> <span class='ocrx_word' id='word_1_65' title='bbox 1557 735 1659 759; x_wconf 89' lang='lat' dir='ltr'>com-</span> 
     </span>
     <span class='ocr_line' id='line_1_10' title="bbox 160 785 1657 836; baseline -0.001 -12"><span class='ocrx_word' id='word_1_66' title='bbox 160 788 379 836; x_wconf 89' lang='lat' dir='ltr'>ponendam</span> <span class='ocrx_word' id='word_1_67' title='bbox 419 787 501 823; x_wconf 93' lang='lat' dir='ltr'>usui</span> <span class='ocrx_word' id='word_1_68' title='bbox 542 798 626 824; x_wconf 90' lang='lat' dir='ltr'>esse</span> <span class='ocrx_word' id='word_1_69' title='bbox 666 790 835 833; x_wconf 87' lang='lat' dir='ltr'>possent.</span> <span class='ocrx_word' id='word_1_70' title='bbox 895 785 1030 833; x_wconf 89' lang='lat' dir='ltr'>Itaque</span> <span class='ocrx_word' id='word_1_71' title='bbox 1065 798 1112 822; x_wconf 93' lang='lat' dir='ltr'>eo</span> <span class='ocrx_word' id='word_1_72' title='bbox 1147 786 1443 834; x_wconf 88' lang='lat' dir='ltr'>confugiendum</span> <span class='ocrx_word' id='word_1_73' title='bbox 1474 792 1574 831; x_wconf 83' lang='lat' dir='ltr'>erat,</span> <span class='ocrx_word' id='word_1_74' title='bbox 1617 792 1657 823; x_wconf 85' lang='lat' dir='ltr'>ut</span> 
     </span>
     <span class='ocr_line' id='line_1_11' title="bbox 149 848 1657 898; baseline -0.001 -12"><span class='ocrx_word' id='word_1_75' title='bbox 149 861 282 898; x_wconf 75' lang='lat' dir='ltr'>vpauca</span> <span class='ocrx_word' id='word_1_76' title='bbox 310 849 373 885; x_wconf 90' lang='lat' dir='ltr'>illa</span> <span class='ocrx_word' id='word_1_77' title='bbox 400 855 438 885; x_wconf 89' lang='lat' dir='ltr'>et</span> <span class='ocrx_word' id='word_1_78' title='bbox 464 849 641 885; x_wconf 89' lang='lat' dir='ltr'>modesta</span> <span class='ocrx_word' id='word_1_79' title='bbox 659 848 867 895; x_wconf 88' lang='lat' dir='ltr'>Euripidea</span> <span class='ocrx_word' id='word_1_80' title='bbox 893 849 1002 883; x_wconf 90' lang='lat' dir='ltr'>nimis</span> <span class='ocrx_word' id='word_1_81' title='bbox 1020 855 1178 896; x_wconf 88' lang='lat' dir='ltr'>augeret</span> <span class='ocrx_word' id='word_1_82' title='bbox 1197 849 1385 896; x_wconf 90' lang='lat' dir='ltr'>Echoque</span> <span class='ocrx_word' id='word_1_83' title='bbox 1404 856 1445 886; x_wconf 91' lang='lat' dir='ltr'>ut</span> <span class='ocrx_word' id='word_1_84' title='bbox 1464 851 1657 897; x_wconf 80' lang='lat' dir='ltr'>garrulam</span> 
     </span>
     <span class='ocr_line' id='line_1_12' title="bbox 160 912 1657 958; baseline -0.001 -9"><span class='ocrx_word' id='word_1_85' title='bbox 160 913 420 950; x_wconf 88' lang='lat' dir='ltr'>mulierculam</span> <span class='ocrx_word' id='word_1_86' title='bbox 455 913 584 949; x_wconf 90' lang='lat' dir='ltr'>omnia</span> <span class='ocrx_word' id='word_1_87' title='bbox 620 912 755 948; x_wconf 89' lang='lat' dir='ltr'>iterum</span> <span class='ocrx_word' id='word_1_88' title='bbox 777 916 902 958; x_wconf 81' lang='lat' dir='ltr'>atque</span> <span class='ocrx_word' id='word_1_89' title='bbox 940 912 1077 947; x_wconf 91' lang='lat' dir='ltr'>iterum</span> <span class='ocrx_word' id='word_1_90' title='bbox 1106 913 1336 949; x_wconf 88' lang='lat' dir='ltr'>recinentem</span> <span class='ocrx_word' id='word_1_91' title='bbox 1364 912 1517 951; x_wconf 82' lang='lat' dir='ltr'>faceret.</span> <span class='ocrx_word' id='word_1_92' title='bbox 1572 913 1657 949; x_wconf 90' lang='lat' dir='ltr'>Pro-</span> 
     </span>
     <span class='ocr_line' id='line_1_13' title="bbox 159 971 1658 1023; baseline 0 -11"><span class='ocrx_word' id='word_1_93' title='bbox 159 976 335 1013; x_wconf 86' lang='lat' dir='ltr'>babiliter</span> <span class='ocrx_word' id='word_1_94' title='bbox 368 982 409 1012; x_wconf 93' lang='lat' dir='ltr'>ut</span> <span class='ocrx_word' id='word_1_95' title='bbox 445 976 592 1011; x_wconf 89' lang='lat' dir='ltr'>videtur</span> <span class='ocrx_word' id='word_1_96' title='bbox 627 974 800 1011; x_wconf 90' lang='lat' dir='ltr'>conicere</span> <span class='ocrx_word' id='word_1_97' title='bbox 827 974 932 1018; x_wconf 90' lang='lat' dir='ltr'>licet,</span> <span class='ocrx_word' id='word_1_98' title='bbox 974 975 1092 1011; x_wconf 88' lang='lat' dir='ltr'>verba</span> <span class='ocrx_word' id='word_1_99' title='bbox 1119 971 1166 1012; x_wconf 75' lang='grc' dir='ltr'>δι’</span> <span class='ocrx_word' id='word_1_100' title='bbox 1190 971 1395 1022; x_wconf 78' lang='grc' dir='ltr'><strong><em>Ὀλύμπου</em></strong></span> <span class='ocrx_word' id='word_1_101' title='bbox 1429 989 1465 1013; x_wconf 85' lang='grc' dir='ltr'>ν.</span> <span class='ocrx_word' id='word_1_102' title='bbox 1499 977 1595 1023; x_wconf 91' lang='lat'>1069</span> <span class='ocrx_word' id='word_1_103' title='bbox 1622 976 1658 1012; x_wconf 94' lang='lat' dir='ltr'>in</span> 
     </span>
     <span class='ocr_line' id='line_1_14' title="bbox 158 1026 1659 1087; baseline 0 -11"><span class='ocrx_word' id='word_1_104' title='bbox 158 1039 356 1086; x_wconf 88' lang='lat' dir='ltr'>tragoedia</span> <span class='ocrx_word' id='word_1_105' title='bbox 381 1050 536 1086; x_wconf 91' lang='lat' dir='ltr'>quoque</span> <span class='ocrx_word' id='word_1_106' title='bbox 564 1038 726 1084; x_wconf 85' lang='lat' dir='ltr'>repetita</span> <span class='ocrx_word' id='word_1_107' title='bbox 752 1036 877 1073; x_wconf 86' lang='lat' dir='ltr'>fuisse.</span> <span class='ocrx_word' id='word_1_108' title='bbox 923 1037 1011 1073; x_wconf 93' lang='lat' dir='ltr'>Hoc</span> <span class='ocrx_word' id='word_1_109' title='bbox 1038 1038 1138 1074; x_wconf 91' lang='lat' dir='ltr'>enim</span> <span class='ocrx_word' id='word_1_110' title='bbox 1166 1038 1254 1074; x_wconf 93' lang='lat' dir='ltr'>loco</span> <span class='ocrx_word' id='word_1_111' title='bbox 1274 1038 1526 1075; x_wconf 88' lang='lat' dir='ltr'>Andromeda</span> <span class='ocrx_word' id='word_1_112' title='bbox 1548 1026 1659 1087; x_wconf 85' lang='lat' dir='ltr'>parte</span> 
     </span>
     <span class='ocr_line' id='line_1_15' title="bbox 162 1099 1658 1148; baseline 0 -11"><span class='ocrx_word' id='word_1_113' title='bbox 162 1102 296 1138; x_wconf 88' lang='lat' dir='ltr'>cantici</span> <span class='ocrx_word' id='word_1_114' title='bbox 336 1100 439 1137; x_wconf 82' lang='lat' dir='ltr'>finita</span> <span class='ocrx_word' id='word_1_115' title='bbox 481 1112 614 1147; x_wconf 67' lang='lat' dir='ltr'>revera</span> <span class='ocrx_word' id='word_1_116' title='bbox 649 1099 738 1136; x_wconf 91' lang='lat' dir='ltr'>facit</span> <span class='ocrx_word' id='word_1_117' title='bbox 772 1100 1031 1143; x_wconf 85' lang='lat' dir='ltr'>interstitium,</span> <span class='ocrx_word' id='word_1_118' title='bbox 1074 1102 1178 1148; x_wconf 87' lang='lat' dir='ltr'>quod</span> <span class='ocrx_word' id='word_1_119' title='bbox 1214 1102 1281 1137; x_wconf 92' lang='lat' dir='ltr'>nisi</span> <span class='ocrx_word' id='word_1_120' title='bbox 1319 1102 1417 1137; x_wconf 89' lang='lat' dir='ltr'>adsit</span> <span class='ocrx_word' id='word_1_121' title='bbox 1452 1102 1658 1138; x_wconf 90' lang='lat' dir='ltr'>verborum</span> 
     </span>
     <span class='ocr_line' id='line_1_16' title="bbox 161 1162 1659 1212; baseline -0.001 -12"><span class='ocrx_word' id='word_1_122' title='bbox 161 1164 337 1212; x_wconf 86' lang='lat' dir='ltr'>repetitio</span> <span class='ocrx_word' id='word_1_123' title='bbox 373 1167 507 1199; x_wconf 90' lang='lat' dir='ltr'>contra</span> <span class='ocrx_word' id='word_1_124' title='bbox 547 1168 723 1198; x_wconf 89' lang='lat' dir='ltr'>naturam</span> <span class='ocrx_word' id='word_1_125' title='bbox 758 1167 913 1210; x_wconf 86' lang='lat' dir='ltr'>pugnat.</span> <span class='ocrx_word' id='word_1_126' title='bbox 968 1162 1132 1199; x_wconf 90' lang='lat' dir='ltr'>Accedit</span> <span class='ocrx_word' id='word_1_127' title='bbox 1160 1164 1263 1211; x_wconf 88' lang='lat' dir='ltr'>quod</span> <span class='ocrx_word' id='word_1_128' title='bbox 1292 1163 1594 1212; x_wconf 89' lang='lat' dir='ltr'>Aristophanem</span> <span class='ocrx_word' id='word_1_129' title='bbox 1623 1164 1659 1199; x_wconf 90' lang='lat' dir='ltr'>in</span> 
     </span>
     <span class='ocr_line' id='line_1_17' title="bbox 159 1226 1658 1276; baseline 0 -12"><span class='ocrx_word' id='word_1_130' title='bbox 159 1228 326 1276; x_wconf 89' lang='lat' dir='ltr'>parodiis</span> <span class='ocrx_word' id='word_1_131' title='bbox 354 1227 477 1274; x_wconf 85' lang='lat' dir='ltr'>prima</span> <span class='ocrx_word' id='word_1_132' title='bbox 504 1238 679 1275; x_wconf 88' lang='lat' dir='ltr'>quaeque</span> <span class='ocrx_word' id='word_1_133' title='bbox 698 1226 746 1262; x_wconf 91' lang='lat' dir='ltr'>ad</span> <span class='ocrx_word' id='word_1_134' title='bbox 765 1238 954 1262; x_wconf 88' lang='lat' dir='ltr'>summam</span> <span class='ocrx_word' id='word_1_135' title='bbox 972 1227 1106 1274; x_wconf 87' lang='lat' dir='ltr'>tragici</span> <span class='ocrx_word' id='word_1_136' title='bbox 1124 1226 1357 1275; x_wconf 88' lang='lat' dir='ltr'>exemplaris</span> <span class='ocrx_word' id='word_1_137' title='bbox 1375 1227 1658 1264; x_wconf 89' lang='lat' dir='ltr'>similitudinem</span> 
     </span>
     <span class='ocr_line' id='line_1_18' title="bbox 161 1289 1661 1338; baseline 0.001 -12"><span class='ocrx_word' id='word_1_138' title='bbox 161 1290 377 1338; x_wconf 86' lang='lat' dir='ltr'>exprimere</span> <span class='ocrx_word' id='word_1_139' title='bbox 402 1290 462 1325; x_wconf 91' lang='lat' dir='ltr'>vel</span> <span class='ocrx_word' id='word_1_140' title='bbox 490 1290 618 1337; x_wconf 86' lang='lat' dir='ltr'>potius</span> <span class='ocrx_word' id='word_1_141' title='bbox 645 1289 846 1324; x_wconf 89' lang='lat' dir='ltr'>immutata</span> <span class='ocrx_word' id='word_1_142' title='bbox 872 1301 893 1324; x_wconf 90' lang='lat' dir='ltr'>e</span> <span class='ocrx_word' id='word_1_143' title='bbox 919 1290 1127 1336; x_wconf 88' lang='lat' dir='ltr'>tragoediis</span> <span class='ocrx_word' id='word_1_144' title='bbox 1152 1290 1352 1325; x_wconf 88' lang='lat' dir='ltr'>desumere</span> <span class='ocrx_word' id='word_1_145' title='bbox 1374 1291 1557 1327; x_wconf 89' lang='lat' dir='ltr'>videmus.</span> <span class='ocrx_word' id='word_1_146' title='bbox 1606 1290 1661 1327; x_wconf 90' lang='lat' dir='ltr'>At</span> 
     </span>
     <span class='ocr_line' id='line_1_19' title="bbox 162 1347 1659 1402; baseline 0.001 -13"><span class='ocrx_word' id='word_1_147' title='bbox 162 1365 263 1400; x_wconf 91' lang='lat' dir='ltr'>quae</span> <span class='ocrx_word' id='word_1_148' title='bbox 288 1358 497 1401; x_wconf 89' lang='lat' dir='ltr'>sequuntur</span> <span class='ocrx_word' id='word_1_149' title='bbox 523 1350 642 1400; x_wconf 79' lang='grc' dir='ltr'><strong><em>μέρος</em></strong></span> <span class='ocrx_word' id='word_1_150' title='bbox 668 1350 852 1399; x_wconf 78' lang='grc' dir='ltr'><strong><em>ἐξέλαχον</em></strong></span> <span class='ocrx_word' id='word_1_151' title='bbox 877 1358 914 1388; x_wconf 91' lang='lat' dir='ltr'>et</span> <span class='ocrx_word' id='word_1_152' title='bbox 939 1347 1118 1390; x_wconf 75' lang='grc' dir='ltr'><strong><em>θανάτου</em></strong></span> <span class='ocrx_word' id='word_1_153' title='bbox 1143 1351 1298 1402; x_wconf 85' lang='grc' dir='ltr'><em>τλήμων</em></span> <span class='ocrx_word' id='word_1_154' title='bbox 1323 1353 1372 1390; x_wconf 90' lang='lat' dir='ltr'>ab</span> <span class='ocrx_word' id='word_1_155' title='bbox 1397 1352 1659 1402; x_wconf 88' lang='lat' dir='ltr'>Aristophane</span> 
     </span>
     <span class='ocr_line' id='line_1_20' title="bbox 161 1415 1659 1462; baseline 0.001 -11"><span class='ocrx_word' id='word_1_156' title='bbox 161 1416 293 1452; x_wconf 88' lang='lat' dir='ltr'>addita</span> <span class='ocrx_word' id='word_1_157' title='bbox 331 1415 508 1451; x_wconf 91' lang='lat' dir='ltr'>videntur</span> <span class='ocrx_word' id='word_1_158' title='bbox 544 1427 647 1457; x_wconf 88' lang='lat' dir='ltr'>esse,</span> <span class='ocrx_word' id='word_1_159' title='bbox 689 1415 794 1462; x_wconf 92' lang='lat' dir='ltr'>quod</span> <span class='ocrx_word' id='word_1_160' title='bbox 834 1415 1050 1450; x_wconf 86' lang='lat' dir='ltr'>intervallis·</span> <span class='ocrx_word' id='word_1_161' title='bbox 1073 1416 1246 1451; x_wconf 89' lang='lat' dir='ltr'>nituntur</span> <span class='ocrx_word' id='word_1_162' title='bbox 1281 1427 1380 1462; x_wconf 91' lang='lat' dir='ltr'>quae</span> <span class='ocrx_word' id='word_1_163' title='bbox 1412 1429 1544 1453; x_wconf 89' lang='lat' dir='ltr'>revera</span> <span class='ocrx_word' id='word_1_164' title='bbox 1582 1429 1659 1455; x_wconf 91' lang='lat' dir='ltr'>non</span> 
     </span>
     <span class='ocr_line' id='line_1_21' title="bbox 161 1484 327 1516; baseline -0.006 0"><span class='ocrx_word' id='word_1_165' title='bbox 161 1484 327 1516; x_wconf 89' lang='lat' dir='ltr'>exstant.</span> 
     </span>
    </p>

    <p class='ocr_par' dir='ltr' id='par_1_5' title="bbox 163 1531 1662 1841">
     <span class='ocr_line' id='line_1_22' title="bbox 267 1531 1658 1588; baseline 0.001 -12"><span class='ocrx_word' id='word_1_166' title='bbox 267 1541 349 1576; x_wconf 87' lang='lat' dir='ltr'>Vix</span> <span class='ocrx_word' id='word_1_167' title='bbox 385 1553 484 1588; x_wconf 90' lang='lat' dir='ltr'>opus</span> <span class='ocrx_word' id='word_1_168' title='bbox 520 1546 578 1577; x_wconf 89' lang='lat' dir='ltr'>est</span> <span class='ocrx_word' id='word_1_169' title='bbox 614 1542 738 1577; x_wconf 90' lang='lat' dir='ltr'>dicere</span> <span class='ocrx_word' id='word_1_170' title='bbox 773 1546 862 1587; x_wconf 84' lang='lat' dir='ltr'>post</span> <span class='ocrx_word' id='word_1_171' title='bbox 888 1553 921 1578; x_wconf 86' lang='lat' dir='ltr'>V.</span> <span class='ocrx_word' id='word_1_172' title='bbox 955 1550 1049 1587; x_wconf 91' lang='lat'>1072</span> <span class='ocrx_word' id='word_1_173' title='bbox 1086 1541 1214 1577; x_wconf 87' lang='lat' dir='ltr'>omnia</span> <span class='ocrx_word' id='word_1_174' title='bbox 1241 1531 1526 1588; x_wconf 84' lang='lat' dir='ltr'>Aristophanea</span> <span class='ocrx_word' id='word_1_175' title='bbox 1562 1554 1658 1578; x_wconf 90' lang='lat' dir='ltr'>esse.</span> 
     </span>
     <span class='ocr_line' id='line_1_23' title="bbox 164 1602 1660 1652; baseline 0 -12"><span class='ocrx_word' id='word_1_176' title='bbox 164 1603 382 1651; x_wconf 87' lang='lat' dir='ltr'>Tragoedia</span> <span class='ocrx_word' id='word_1_177' title='bbox 417 1615 486 1651; x_wconf 93' lang='lat' dir='ltr'>per</span> <span class='ocrx_word' id='word_1_178' title='bbox 521 1603 706 1652; x_wconf 89' lang='lat' dir='ltr'>temporis</span> <span class='ocrx_word' id='word_1_179' title='bbox 742 1603 906 1651; x_wconf 85' lang='lat' dir='ltr'>spatium</span> <span class='ocrx_word' id='word_1_180' title='bbox 941 1602 1122 1639; x_wconf 91' lang='lat' dir='ltr'>oblivioni</span> <span class='ocrx_word' id='word_1_181' title='bbox 1158 1604 1287 1648; x_wconf 87' lang='lat' dir='ltr'>datur;</span> <span class='ocrx_word' id='word_1_182' title='bbox 1325 1603 1435 1641; x_wconf 91' lang='lat' dir='ltr'>Echo</span> <span class='ocrx_word' id='word_1_183' title='bbox 1471 1616 1548 1640; x_wconf 92' lang='lat' dir='ltr'>non</span> <span class='ocrx_word' id='word_1_184' title='bbox 1584 1604 1660 1641; x_wconf 91' lang='lat' dir='ltr'>iam</span> 
     </span>
     <span class='ocr_line' id='line_1_24' title="bbox 163 1666 1661 1718; baseline 0.001 -15"><span class='ocrx_word' id='word_1_185' title='bbox 163 1667 439 1703; x_wconf 86' lang='lat' dir='ltr'>Andromedae</span> <span class='ocrx_word' id='word_1_186' title='bbox 466 1667 761 1718; x_wconf 85' lang='lat' dir='ltr'>lamentationes</span> <span class='ocrx_word' id='word_1_187' title='bbox 787 1667 855 1703; x_wconf 91' lang='lat' dir='ltr'>sed</span> <span class='ocrx_word' id='word_1_188' title='bbox 876 1666 1102 1703; x_wconf 90' lang='lat' dir='ltr'>Mnesilochi</span> <span class='ocrx_word' id='word_1_189' title='bbox 1121 1667 1394 1703; x_wconf 90' lang='lat' dir='ltr'>detestationes</span> <span class='ocrx_word' id='word_1_190' title='bbox 1413 1666 1661 1715; x_wconf 88' lang='lat' dir='ltr'>Scythaeque</span> 
     </span>
     <span class='ocr_line' id='line_1_25' title="bbox 165 1723 1660 1778; baseline 0.001 -13"><span class='ocrx_word' id='word_1_191' title='bbox 165 1730 348 1766; x_wconf 88' lang='lat' dir='ltr'>barbaras</span> <span class='ocrx_word' id='word_1_192' title='bbox 375 1723 646 1768; x_wconf 82' lang='lat' dir='ltr'>vocesrecinit</span> <span class='ocrx_word' id='word_1_193' title='bbox 656 1730 698 1778; x_wconf 77' lang='lat'>⁸).</span> <span class='ocrx_word' id='word_1_194' title='bbox 754 1729 951 1767; x_wconf 84' lang='lat' dir='ltr'>Sedhaee</span> <span class='ocrx_word' id='word_1_195' title='bbox 980 1731 1030 1767; x_wconf 89' lang='lat' dir='ltr'>ad</span> <span class='ocrx_word' id='word_1_196' title='bbox 1051 1730 1376 1778; x_wconf 87' lang='lat' dir='ltr'>Aristophaneam</span> <span class='ocrx_word' id='word_1_197' title='bbox 1403 1731 1660 1778; x_wconf 92' lang='lat' dir='ltr'>componendi</span> 
     </span>
     <span class='ocr_line' id='line_1_26' title="bbox 166 1793 1662 1841; baseline 0.001 -13"><span class='ocrx_word' id='word_1_198' title='bbox 166 1793 353 1829; x_wconf 91' lang='lat' dir='ltr'>rationem</span> <span class='ocrx_word' id='word_1_199' title='bbox 381 1795 582 1841; x_wconf 85' lang='lat' dir='ltr'>pertinent,</span> <span class='ocrx_word' id='word_1_200' title='bbox 611 1795 659 1829; x_wconf 92' lang='lat' dir='ltr'>de</span> <span class='ocrx_word' id='word_1_201' title='bbox 685 1805 761 1840; x_wconf 89' lang='lat' dir='ltr'>qua</span> <span class='ocrx_word' id='word_1_202' title='bbox 788 1793 863 1829; x_wconf 89' lang='lat' dir='ltr'>alio</span> <span class='ocrx_word' id='word_1_203' title='bbox 891 1793 976 1829; x_wconf 91' lang='lat' dir='ltr'>loco</span> <span class='ocrx_word' id='word_1_204' title='bbox 1004 1794 1113 1840; x_wconf 89' lang='lat' dir='ltr'>plura</span> <span class='ocrx_word' id='word_1_205' title='bbox 1141 1794 1252 1833; x_wconf 62' lang='lat' dir='ltr'>nobis&gt;</span> <span class='ocrx_word' id='word_1_206' title='bbox 1278 1794 1438 1836; x_wconf 87' lang='lat' dir='ltr'>dicenda</span> <span class='ocrx_word' id='word_1_207' title='bbox 1464 1799 1586 1830; x_wconf 88' lang='lat' dir='ltr'>erunt.</span> <span class='ocrx_word' id='word_1_208' title='bbox 1615 1815 1662 1820; x_wconf 93' lang='lat'>——</span> 
     </span>
    </p>

    <p class='ocr_par' dir='ltr' id='par_1_6' title="bbox 166 1854 1667 2094">
     <span class='ocr_line' id='line_1_27' title="bbox 268 1854 1664 1907; baseline 0.001 -16"><span class='ocrx_word' id='word_1_209' title='bbox 268 1856 441 1893; x_wconf 90' lang='lat' dir='ltr'>Helenae</span> <span class='ocrx_word' id='word_1_210' title='bbox 467 1856 821 1904; x_wconf 90' lang='lat' dir='ltr'>Andromedaeque</span> <span class='ocrx_word' id='word_1_211' title='bbox 857 1856 963 1904; x_wconf 91' lang='lat' dir='ltr'>quasi</span> <span class='ocrx_word' id='word_1_212' title='bbox 998 1854 1306 1907; x_wconf 82' lang='grc' dir='ltr'><strong><em>προπαρασκευή</em></strong></span> <span class='ocrx_word' id='word_1_213' title='bbox 1342 1856 1523 1903; x_wconf 86' lang='lat' dir='ltr'>parodica</span> <span class='ocrx_word' id='word_1_214' title='bbox 1559 1868 1664 1904; x_wconf 88' lang='lat' dir='ltr'>prae—</span> 
     </span>
     <span class='ocr_line' id='line_1_28' title="bbox 166 1918 1663 1967; baseline -0.001 -11"><span class='ocrx_word' id='word_1_215' title='bbox 166 1919 282 1956; x_wconf 89' lang='lat' dir='ltr'>missa</span> <span class='ocrx_word' id='word_1_216' title='bbox 318 1925 377 1956; x_wconf 89' lang='lat' dir='ltr'>est</span> <span class='ocrx_word' id='word_1_217' title='bbox 407 1919 456 1957; x_wconf 92' lang='lat' dir='ltr'>ab</span> <span class='ocrx_word' id='word_1_218' title='bbox 484 1918 745 1967; x_wconf 88' lang='lat' dir='ltr'>Aristophane</span> <span class='ocrx_word' id='word_1_219' title='bbox 778 1919 929 1956; x_wconf 89' lang='lat' dir='ltr'>brevior</span> <span class='ocrx_word' id='word_1_220' title='bbox 963 1918 1026 1955; x_wconf 93' lang='lat' dir='ltr'>illa</span> <span class='ocrx_word' id='word_1_221' title='bbox 1051 1919 1265 1955; x_wconf 85' lang='lat' dir='ltr'>Palamedis</span> <span class='ocrx_word' id='word_1_222' title='bbox 1292 1920 1470 1967; x_wconf 86' lang='lat' dir='ltr'>parodia:</span> <span class='ocrx_word' id='word_1_223' title='bbox 1507 1919 1663 1955; x_wconf 88' lang='lat' dir='ltr'>Thesm.</span> 
     </span>
     <span class='ocr_line' id='line_1_29' title="bbox 167 1982 1665 2030; baseline -0.001 -12"><span class='ocrx_word' id='word_1_224' title='bbox 167 1983 239 2028; x_wconf 88' lang='lat'>765</span> <span class='ocrx_word' id='word_1_225' title='bbox 262 1994 346 2029; x_wconf 90' lang='lat' dir='ltr'>sqq.</span> <span class='ocrx_word' id='word_1_226' title='bbox 366 1982 626 2018; x_wconf 89' lang='lat' dir='ltr'>Mnesilochus</span> <span class='ocrx_word' id='word_1_227' title='bbox 644 1982 865 2030; x_wconf 89' lang='lat' dir='ltr'>Euripidem</span> <span class='ocrx_word' id='word_1_228' title='bbox 892 1982 940 2017; x_wconf 92' lang='lat' dir='ltr'>de</span> <span class='ocrx_word' id='word_1_229' title='bbox 967 1982 1106 2018; x_wconf 88' lang='lat' dir='ltr'>misera</span> <span class='ocrx_word' id='word_1_230' title='bbox 1126 1994 1193 2018; x_wconf 89' lang='lat' dir='ltr'>sua</span> <span class='ocrx_word' id='word_1_231' title='bbox 1214 1982 1436 2018; x_wconf 90' lang='lat' dir='ltr'>condicione</span> <span class='ocrx_word' id='word_1_232' title='bbox 1462 1983 1665 2018; x_wconf 88' lang='lat' dir='ltr'>certiorem</span> 
     </span>
     <span class='ocr_line' id='line_1_30' title="bbox 168 2044 1667 2094; baseline -0.002 -11"><span class='ocrx_word' id='word_1_233' title='bbox 168 2044 257 2083; x_wconf 88' lang='lat' dir='ltr'>facit</span> <span class='ocrx_word' id='word_1_234' title='bbox 293 2044 432 2083; x_wconf 86' lang='lat' dir='ltr'>Oeacis</span> <span class='ocrx_word' id='word_1_235' title='bbox 472 2045 623 2083; x_wconf 90' lang='lat' dir='ltr'>imitans</span> <span class='ocrx_word' id='word_1_236' title='bbox 663 2044 905 2094; x_wconf 85' lang='lat' dir='ltr'>exemplum;</span> <span class='ocrx_word' id='word_1_237' title='bbox 946 2048 1071 2093; x_wconf 82' lang='lat' dir='ltr'>neque</span> <span class='ocrx_word' id='word_1_238' title='bbox 1110 2050 1239 2082; x_wconf 90' lang='lat' dir='ltr'>tamen</span> <span class='ocrx_word' id='word_1_239' title='bbox 1281 2049 1321 2081; x_wconf 92' lang='lat' dir='ltr'>ut</span> <span class='ocrx_word' id='word_1_240' title='bbox 1356 2044 1418 2081; x_wconf 89' lang='lat' dir='ltr'>ille</span> <span class='ocrx_word' id='word_1_241' title='bbox 1454 2056 1582 2082; x_wconf 89' lang='lat' dir='ltr'>remos</span> <span class='ocrx_word' id='word_1_242' title='bbox 1618 2045 1667 2081; x_wconf 91' lang='lat' dir='ltr'>ad</span> 
     </span>
    </p>
   </div>
   <div class='ocr_carea' id='block_1_4' title="bbox 139 2188 1674 2703">
    <p class='ocr_par' dir='ltr' id='par_1_7' title="bbox 170 2188 1673 2439">
     <span class='ocr_line' id='line_1_31' title="bbox 275 2188 1669 2236; baseline -0.001 -9"><span class='ocrx_word' id='word_1_243' title='bbox 275 2196 301 2235; x_wconf 90' lang='lat'>1)</span> <span class='ocrx_word' id='word_1_244' title='bbox 321 2198 429 2227; x_wconf 81' lang='lat' dir='ltr'>Errant</span> <span class='ocrx_word' id='word_1_245' title='bbox 451 2197 503 2236; x_wconf 91' lang='lat' dir='ltr'>qui</span> <span class='ocrx_word' id='word_1_246' title='bbox 524 2198 666 2235; x_wconf 85' lang='lat' dir='ltr'>Scytham</span> <span class='ocrx_word' id='word_1_247' title='bbox 689 2198 720 2227; x_wconf 89' lang='lat' dir='ltr'>in</span> <span class='ocrx_word' id='word_1_248' title='bbox 741 2207 830 2226; x_wconf 84' lang='lat' dir='ltr'>scena</span> <span class='ocrx_word' id='word_1_249' title='bbox 850 2196 938 2225; x_wconf 84' lang='lat' dir='ltr'>fuisse</span> <span class='ocrx_word' id='word_1_250' title='bbox 962 2188 1075 2234; x_wconf 74' lang='lat' dir='ltr'>negant</span> <span class='ocrx_word' id='word_1_251' title='bbox 1099 2197 1170 2226; x_wconf 89' lang='lat' dir='ltr'>dum</span> <span class='ocrx_word' id='word_1_252' title='bbox 1191 2197 1335 2226; x_wconf 85' lang='lat' dir='ltr'>monodia</span> <span class='ocrx_word' id='word_1_253' title='bbox 1356 2201 1502 2226; x_wconf 83' lang='lat' dir='ltr'>cantatur.</span> <span class='ocrx_word' id='word_1_254' title='bbox 1532 2197 1571 2226; x_wconf 87' lang='lat' dir='ltr'>V.</span> <span class='ocrx_word' id='word_1_255' title='bbox 1591 2196 1669 2225; x_wconf 88' lang='lat'><em>1008</em></span> 
     </span>
     <span class='ocr_line' id='line_1_32' title="bbox 172 2249 1671 2289; baseline 0 -11"><span class='ocrx_word' id='word_1_256' title='bbox 172 2255 263 2288; x_wconf 85' lang='lat' dir='ltr'>poeta</span> <span class='ocrx_word' id='word_1_257' title='bbox 285 2252 355 2279; x_wconf 86' lang='lat' dir='ltr'>eum</span> <span class='ocrx_word' id='word_1_258' title='bbox 376 2255 508 2279; x_wconf 86' lang='lat' dir='ltr'>removet</span> <span class='ocrx_word' id='word_1_259' title='bbox 530 2256 562 2279; x_wconf 89' lang='lat' dir='ltr'>ut</span> <span class='ocrx_word' id='word_1_260' title='bbox 580 2251 739 2289; x_wconf 85' lang='lat' dir='ltr'>Euripides</span> <span class='ocrx_word' id='word_1_261' title='bbox 765 2258 840 2286; x_wconf 89' lang='lat'>1009</span> <span class='ocrx_word' id='word_1_262' title='bbox 862 2249 980 2288; x_wconf 82' lang='lat' dir='ltr'>prodire</span> <span class='ocrx_word' id='word_1_263' title='bbox 1002 2251 1106 2288; x_wconf 85' lang='lat' dir='ltr'>possit.</span> <span class='ocrx_word' id='word_1_264' title='bbox 1142 2249 1201 2286; x_wconf 88' lang='lat' dir='ltr'>Qui</span> <span class='ocrx_word' id='word_1_265' title='bbox 1223 2260 1291 2278; x_wconf 89' lang='lat' dir='ltr'>cum</span> <span class='ocrx_word' id='word_1_266' title='bbox 1314 2249 1414 2278; x_wconf 85' lang='lat' dir='ltr'>statim</span> <span class='ocrx_word' id='word_1_267' title='bbox 1435 2259 1556 2278; x_wconf 86' lang='lat' dir='ltr'>scenam</span> <span class='ocrx_word' id='word_1_268' title='bbox 1571 2259 1671 2278; x_wconf 88' lang='lat' dir='ltr'>rursus</span> 
     </span>
     <span class='ocr_line' id='line_1_33' title="bbox 171 2300 1672 2345; baseline 0.001 -14"><span class='ocrx_word' id='word_1_269' title='bbox 171 2303 343 2342; x_wconf 87' lang='lat' dir='ltr'>reliquerit,</span> <span class='ocrx_word' id='word_1_270' title='bbox 371 2303 500 2341; x_wconf 86' lang='lat' dir='ltr'>Scythae</span> <span class='ocrx_word' id='word_1_271' title='bbox 528 2304 622 2333; x_wconf 88' lang='lat' dir='ltr'>redire</span> <span class='ocrx_word' id='word_1_272' title='bbox 650 2305 720 2333; x_wconf 89' lang='lat' dir='ltr'>licet</span> <span class='ocrx_word' id='word_1_273' title='bbox 742 2309 772 2333; x_wconf 84' lang='lat' dir='ltr'>et</span> <span class='ocrx_word' id='word_1_274' title='bbox 792 2313 891 2333; x_wconf 89' lang='lat' dir='ltr'>revera</span> <span class='ocrx_word' id='word_1_275' title='bbox 912 2303 995 2332; x_wconf 84' lang='lat' dir='ltr'>adest</span> <span class='ocrx_word' id='word_1_276' title='bbox 1023 2313 1051 2333; x_wconf 84' lang='grc' dir='ltr'>ν.</span> <span class='ocrx_word' id='word_1_277' title='bbox 1077 2303 1153 2332; x_wconf 91' lang='lat'>1026</span> <span class='ocrx_word' id='word_1_278' title='bbox 1176 2300 1232 2334; x_wconf 80' lang='grc' dir='ltr'>ὅδε</span> <span class='ocrx_word' id='word_1_279' title='bbox 1254 2300 1319 2345; x_wconf 82' lang='grc' dir='ltr'>γὰρ</span> <span class='ocrx_word' id='word_1_280' title='bbox 1344 2300 1361 2332; x_wconf 84' lang='grc' dir='ltr'>ὁ</span> <span class='ocrx_word' id='word_1_281' title='bbox 1385 2300 1519 2341; x_wconf 75' lang='grc' dir='ltr'><strong><em>Σκύθης</em></strong></span> <span class='ocrx_word' id='word_1_282' title='bbox 1541 2303 1618 2339; x_wconf 59' lang='grc' dir='ltr'>κτλ,</span> <span class='ocrx_word' id='word_1_283' title='bbox 1641 2303 1672 2331; x_wconf 85' lang='lat' dir='ltr'>in</span> 
     </span>
     <span class='ocr_line' id='line_1_34' title="bbox 170 2357 1673 2395; baseline 0.001 -11"><span class='ocrx_word' id='word_1_284' title='bbox 170 2361 266 2385; x_wconf 85' lang='lat' dir='ltr'>storea</span> <span class='ocrx_word' id='word_1_285' title='bbox 299 2366 389 2394; x_wconf 88' lang='lat' dir='ltr'>quam</span> <span class='ocrx_word' id='word_1_286' title='bbox 421 2367 436 2385; x_wconf 92' lang='lat' dir='ltr'>e</span> <span class='ocrx_word' id='word_1_287' title='bbox 467 2358 558 2385; x_wconf 90' lang='lat' dir='ltr'>domo</span> <span class='ocrx_word' id='word_1_288' title='bbox 591 2358 742 2386; x_wconf 87' lang='lat' dir='ltr'>arcessivit</span> <span class='ocrx_word' id='word_1_289' title='bbox 773 2357 835 2386; x_wconf 88' lang='lat' dir='ltr'>alto</span> <span class='ocrx_word' id='word_1_290' title='bbox 868 2366 974 2394; x_wconf 88' lang='lat' dir='ltr'>sopore</span> <span class='ocrx_word' id='word_1_291' title='bbox 1006 2366 1184 2395; x_wconf 81' lang='lat' dir='ltr'>oppressuS‚</span> <span class='ocrx_word' id='word_1_292' title='bbox 1219 2367 1255 2385; x_wconf 88' lang='lat' dir='ltr'>ex</span> <span class='ocrx_word' id='word_1_293' title='bbox 1288 2366 1349 2395; x_wconf 91' lang='lat' dir='ltr'>quo</span> <span class='ocrx_word' id='word_1_294' title='bbox 1381 2367 1409 2385; x_wconf 80' lang='lat' dir='ltr'>v,</span> <span class='ocrx_word' id='word_1_295' title='bbox 1439 2357 1513 2394; x_wconf 84' lang='lat'>1083</span> <span class='ocrx_word' id='word_1_296' title='bbox 1551 2357 1673 2385; x_wconf 89' lang='lat' dir='ltr'>demum</span> 
     </span>
     <span class='ocr_line' id='line_1_35' title="bbox 170 2398 463 2439; baseline 0.003 -1"><span class='ocrx_word' id='word_1_297' title='bbox 170 2409 324 2439; x_wconf 88' lang='lat' dir='ltr'>excitatur.</span> <span class='ocrx_word' id='word_1_298' title='bbox 461 2398 463 2400; x_wconf 25' lang='grc' dir='ltr'>Ι</span> 
     </span>
    </p>

    <p class='ocr_par' dir='ltr' id='par_1_8' title="bbox 274 2461 1432 2501">
     <span class='ocr_line' id='line_1_36' title="bbox 274 2461 1432 2501; baseline -0.002 -8"><span class='ocrx_word' id='word_1_299' title='bbox 274 2461 300 2500; x_wconf 73' lang='lat'>²)</span> <span class='ocrx_word' id='word_1_300' title='bbox 321 2464 444 2493; x_wconf 85' lang='lat' dir='ltr'>Thesm.</span> <span class='ocrx_word' id='word_1_301' title='bbox 471 2471 546 2500; x_wconf 90' lang='lat'>1017</span> <span class='ocrx_word' id='word_1_302' title='bbox 570 2473 623 2501; x_wconf 66' lang='lat' dir='ltr'>sq„</span> <span class='ocrx_word' id='word_1_303' title='bbox 650 2471 727 2493; x_wconf 90' lang='lat'>1020</span> <span class='ocrx_word' id='word_1_304' title='bbox 749 2473 805 2501; x_wconf 87' lang='lat' dir='ltr'>sq.,</span> <span class='ocrx_word' id='word_1_305' title='bbox 833 2463 907 2492; x_wconf 86' lang='lat'>1026</span> <span class='ocrx_word' id='word_1_306' title='bbox 929 2471 1007 2501; x_wconf 86' lang='lat' dir='ltr'>sqq.,</span> <span class='ocrx_word' id='word_1_307' title='bbox 1036 2471 1122 2500; x_wconf 82' lang='lat'>1031,</span> <span class='ocrx_word' id='word_1_308' title='bbox 1152 2471 1238 2500; x_wconf 81' lang='lat'>1033,</span> <span class='ocrx_word' id='word_1_309' title='bbox 1267 2470 1342 2500; x_wconf 90' lang='lat'>1043</span> <span class='ocrx_word' id='word_1_310' title='bbox 1365 2472 1432 2501; x_wconf 88' lang='lat' dir='ltr'>sqq.</span> 
     </span>
    </p>

    <p class='ocr_par' dir='ltr' id='par_1_9' title="bbox 139 2505 1674 2703">
     <span class='ocr_line' id='line_1_37' title="bbox 216 2505 1674 2554; baseline -0.001 -10"><span class='ocrx_word' id='word_1_311' title='bbox 216 2505 222 2512; x_wconf 49' lang='lat'>⁸</span> <span class='ocrx_word' id='word_1_312' title='bbox 274 2514 462 2554; x_wconf 79' lang='lat' dir='ltr'>⁸)Argu1ari</span> <span class='ocrx_word' id='word_1_313' title='bbox 497 2516 614 2545; x_wconf 85' lang='lat' dir='ltr'>videtur</span> <span class='ocrx_word' id='word_1_314' title='bbox 636 2516 774 2546; x_wconf 82' lang='lat' dir='ltr'>Taeuber</span> <span class='ocrx_word' id='word_1_315' title='bbox 803 2516 822 2545; x_wconf 91' lang='lat' dir='ltr'>l.</span> <span class='ocrx_word' id='word_1_316' title='bbox 853 2526 879 2545; x_wconf 87' lang='lat' dir='ltr'>a.</span> <span class='ocrx_word' id='word_1_317' title='bbox 909 2522 945 2551; x_wconf 84' lang='lat'>37</span> <span class='ocrx_word' id='word_1_318' title='bbox 975 2525 1044 2544; x_wconf 92' lang='lat' dir='ltr'>cum</span> <span class='ocrx_word' id='word_1_319' title='bbox 1078 2516 1158 2544; x_wconf 79' lang='lat' dir='ltr'>dicat</span> <span class='ocrx_word' id='word_1_320' title='bbox 1185 2517 1417 2554; x_wconf 85' lang='lat' dir='ltr'>Aristophanem</span> <span class='ocrx_word' id='word_1_321' title='bbox 1447 2516 1477 2543; x_wconf 91' lang='lat' dir='ltr'>in</span> <span class='ocrx_word' id='word_1_322' title='bbox 1506 2525 1541 2544; x_wconf 88' lang='lat' dir='ltr'>ea</span> <span class='ocrx_word' id='word_1_323' title='bbox 1570 2525 1601 2544; x_wconf 89' lang='lat' dir='ltr'>re</span> <span class='ocrx_word' id='word_1_324' title='bbox 1633 2516 1674 2543; x_wconf 88' lang='lat' dir='ltr'>ita</span> 
     </span>
     <span class='ocr_line' id='line_1_38' title="bbox 171 2558 1673 2608; baseline 0 -12"><span class='ocrx_word' id='word_1_325' title='bbox 171 2569 289 2597; x_wconf 80' lang='lat' dir='ltr'>versari.</span> <span class='ocrx_word' id='word_1_326' title='bbox 313 2574 365 2598; x_wconf 78' lang='lat' dir='ltr'>»ut</span> <span class='ocrx_word' id='word_1_327' title='bbox 387 2558 562 2608; x_wconf 81' lang='lat' dir='ltr'>Euripidem</span> <span class='ocrx_word' id='word_1_328' title='bbox 590 2569 689 2607; x_wconf 87' lang='lat' dir='ltr'>ipsum</span> <span class='ocrx_word' id='word_1_329' title='bbox 718 2568 820 2597; x_wconf 85' lang='lat' dir='ltr'>audire</span> <span class='ocrx_word' id='word_1_330' title='bbox 842 2569 927 2597; x_wconf 83' lang='lat' dir='ltr'>nobis</span> <span class='ocrx_word' id='word_1_331' title='bbox 948 2568 1123 2603; x_wconf 82' lang='lat' dir='ltr'>videamur,</span> <span class='ocrx_word' id='word_1_332' title='bbox 1153 2569 1287 2607; x_wconf 87' lang='lat' dir='ltr'>singulas</span> <span class='ocrx_word' id='word_1_333' title='bbox 1308 2578 1396 2598; x_wconf 84' lang='lat' dir='ltr'>voces</span> <span class='ocrx_word' id='word_1_334' title='bbox 1418 2569 1571 2607; x_wconf 88' lang='lat' dir='ltr'>geminare</span> <span class='ocrx_word' id='word_1_335' title='bbox 1594 2574 1623 2597; x_wconf 83' lang='lat' dir='ltr'>et</span> <span class='ocrx_word' id='word_1_336' title='bbox 1645 2568 1673 2596; x_wconf 83' lang='lat' dir='ltr'>in</span> 
     </span>
     <span class='ocr_line' id='line_1_39' title="bbox 139 2620 1047 2664; baseline 0.003 -15"><span class='ocrx_word' id='word_1_337' title='bbox 139 2660 167 2664; x_wconf 38' lang='grc' dir='ltr'><em>ι</em></span> <span class='ocrx_word' id='word_1_338' title='bbox 176 2620 332 2651; x_wconf 82' lang='lat' dir='ltr'>affectibus</span> <span class='ocrx_word' id='word_1_339' title='bbox 355 2622 481 2660; x_wconf 84' lang='lat' dir='ltr'>agendis</span> <span class='ocrx_word' id='word_1_340' title='bbox 503 2622 608 2651; x_wconf 84' lang='lat' dir='ltr'>eadem</span> <span class='ocrx_word' id='word_1_341' title='bbox 629 2623 720 2651; x_wconf 84' lang='lat' dir='ltr'>verba</span> <span class='ocrx_word' id='word_1_342' title='bbox 743 2627 875 2660; x_wconf 82' lang='lat' dir='ltr'>repetere</span> <span class='ocrx_word' id='word_1_343' title='bbox 896 2620 1047 2652; x_wconf 80' lang='lat' dir='ltr'>solitum«.</span> 
     </span>
     <span class='ocr_line' id='line_1_40' title="bbox 1388 2672 1429 2703; baseline 0 -14"><span class='ocrx_word' id='word_1_344' title='bbox 1388 2672 1429 2703; x_wconf 80' lang='lat'>2*</span> 
     </span>
    </p>
   </div>
  </div>
 </body>
</html>
