1826 3088
782 261 1032 296 ,41-

153 364 189 390 ν.
215 361 321 391 1201.
381 346 550 398 Τοξότης
587 363 675 387 cum
712 350 877 399 Elaphio
912 353 1009 398 abit;
1051 365 1110 390 res
1150 354 1427 401 comprobatur
1466 367 1502 391 v.
1545 363 1653 401 1193,

278 408 281 411 ’
424 415 609 450 indicatur
640 415 734 461 1198
761 407 975 464 ἂκολούτει,
1003 415 1144 453 τέκνον.

524 476 738 514 Comoedia
782 477 831 513 ad
873 484 1052 514 eventum
1094 477 1263 523 festinat,
1304 480 1392 526 quia
1428 480 1552 516 nodus
1589 479 1653 527 qui

424 541 560 577 dicitur
586 538 738 577 fabulae
766 541 967 588 expeditus
994 546 1064 578 est.

156 618 190 645 v.
215 617 321 656 1209.
375 608 576 658 Κηὸεστής
600 608 782 645 liberatus
810 607 990 656 aufugere
1011 609 1179 646 iubetur:
1209 612 1326 660 φεῦγε
1343 609 1439 660 πρὶν
1454 606 1521 648 τὸν
1539 606 1652 656 τοξό-

420 686 489 721 την
515 666 658 722 ἥκοντα
685 670 932 719 καταλαβεῖν.
973 671 1062 709 Una
1089 684 1176 709 cum
1201 685 1248 709 eo
1267 670 1484 723 Εὐριπίδης
1501 672 1653 710 decedit

422 735 537 782 idque
565 734 647 782 ipse
674 733 859 770 affirmat:
890 730 966 784 ἐγώ
991 733 1036 772 δὲ
1061 731 1179 773 ταύτὸ
1205 735 1294 783 ὁρῶ.
1342 736 1442 772 Nam
1469 735 1534 771 tali
1562 747 1650 771 cum

423 798 633 835 mutatione
668 796 787 834 verba
822 798 959 835 tradita
987 794 1064 848 ἐγὼ
1092 796 1138 847 δὴ
1164 799 1276 837 τοῦτο
1305 798 1384 848 δρῶ
1409 811 1485 836 non
1514 797 1650 836 Mnesi-

422 860 537 896 locho
564 861 634 896 sed
656 860 827 908 Euripidi
855 861 1054 898 tribuenda
1080 863 1305 910 videnturl).
1359 862 1581 909 Euripidem
1608 867 1650 898 ut

422 923 539 960 totius
558 922 708 959 fabulae
727 922 937 971 principem
957 930 1133 961 extrema
1152 923 1274 961 facere
1289 925 1406 961 verba
1424 925 1648 961 discessum-

421 997 496 1032 que
523 997 635 1021 suum
662 985 826 1021 indicare
854 997 1020 1033 aequum
1047 993 1116 1024 est.

151 1064 185 1089 v.
213 1049 324 1091 1210.‘
382 1049 551 1103 Τοξότης
585 1064 672 1089 cum
700 1052 877 1101 Elaphio·
900 1054 1117 1091 revertitur:
1161 1048 1192 1091 ὠ
1227 1050 1355 1105 γρᾷδι’
1388 1051 1442 1100 ὠς
1470 1049 1649 1103 καρίεντό

423 1128 488 1154 σοι
513 1112 558 1154 τὸ
583 1111 797 1165 τυγάτριον.

150 1196 184 1220 v.
211 1193 316 1229 1214.
363 1181 554 1237 Ἐλάφιον
578 1196 601 1220 a
628 1183 775 1231 Scytha
803 1184 984 1232 abigitur:
1031 1179 1217 1233 ἀπότρεκ’
1260 1180 1314 1230 ὥς
1348 1182 1515 1223 τάκιστα
1546 1183 1646 1232 (5132).

148 1265 183 1290 v.
211 1262 318 1299 1225.
379 1251 547 1303 Τοξότης
572 1252 759 1301 profugos
786 1254 1045 1301 persequitur:
1075 1248 1176 1291 ἀλλὰ
1200 1252 1317 1301 τρέξι.
1345 1276 1394 1280 -

250 1330 351 1367 Satis
389 1322 539 1378 copisse
578 1342 659 1367 rem
696 1331 961 1376 tractavimus;
998 1332 1073 1368 iam
1111 1343 1206 1378 quas
1243 1331 1349 1378 leges
1384 1343 1473 1367 usus
1502 1331 1646 1368 Aristo·

148 1393 288 1441 phanei
315 1394 546 1430 constituere
573 1393 685 1430 liceat
710 1394 926 1445 videamus:

249 1456 366 1493 Poeta
393 1457 599 1505 diligenter
624 1457 670 1493 id
690 1457 785 1505 agit,
810 1463 859 1497 ,ut
877 1469 940 1493 eos
968 1457 1040 1505 qui
1071 1459 1239 1505 spectant
1272 1457 1318 1493 de
1351 1456 1505 1492 nomine
1531 1462 1646 1504 atque

145 1521 272 1558 indole
299 1521 467 1556 omnium
494 1526 752 1567 personarum
789 1520 854 1556 vel
875 1526 951 1568 per
976 1520 1083 1567 ipsas
1118 1519 1209 1556 illas
1244 1520 1310 1556 vel
1335 1527 1410 1567 per
1435 1519 1537 1556 alias
1565 1531 1641 1556 cer-

148 1584 265 1620 tiores
281 1583 424 1631 faciat.

246 1645 364 1682 Poeta
379 1652 570 1693 personas
589 1646 850 1681 tantummodo
869 1645 1098 1681 certissimis
1117 1645 1163 1680 de
1182 1645 1311 1681 causis
1329 1645 1395 1680 vel
1407 1645 1645 1692 prodeuntes

148 1708 214 1745 vel
237 1709 455 1746 decedentes
470 1708 608 1755 face-re
634 1708 766 1745 studet.

249 1770 355 1819 Quas
391 1771 496 1818 leges
532 1770 650 1807 sicubi
686 1771 735 1806 ab
763 1770 1024 1819 Aristophane
1052 1770 1174 1806 laesas
1210 1782 1293 1806 esse
1329 1770 1501 1807 videmus
1531 1792 1577 1798 -
1605 1777 1644 1808 et

146 1834 308 1871 vidimus
343 1846 458 1882 supra
493 1846 558 1870 eas
594 1845 726 1869 revera
762 1845 839 1869 non
880 1845 1032 1881 semper
1067 1842 1236 1870 servatas
1271 1845 1355 1869 esse
1383 1855 1431 1859 —-
1460 1845 1643 1881 quaerere

249 1997 273 2034 ¹)
294 1998 332 2026 cf.
357 1998 495 2034 Blaydes.
518 1998 640 2026 Thesm.
662 1997 733 2026 Hal.
757 1997 825 2025 Sax.
850 1996 927 2025 1880
949 1996 987 2025 ad
1009 2006 1138 2025 versum.

246 2048 272 2088 ²)
293 2050 428 2079 Puellam
451 2050 574 2078 omnino
597 2050 627 2078 in
649 2057 769 2076 scenam
790 2058 851 2077 non
873 2048 983 2076 redisse
1006 2058 1067 2075 non
1094 2048 1184 2076 modo
1206 2048 1297 2075 nullis
1317 2050 1533 2085 comprobatur
1546 2052 1643 2079 causis

110 2087 114 2093 Ι
146 2104 198 2132 sed
221 2104 311 2132 etiam
333 2113 351 2131 a
372 2104 496 2132 veritate
518 2103 607 2132 valde
629 2102 777 2132 abhorret.
822 2102 920 2131 Verba
942 2098 1098 2141 ἀπότρεκ’
1125 2098 1168 2136 ὥς
1189 2097 1325 2132 τάκιστα
1348 2098 1388 2131 σύ
1411 2102 1450 2130 ad
1472 2102 1642 2141 pharetram

145 2165 162 2183 a
185 2155 296 2192 Scytha
318 2156 467 2184 abiectam
488 2155 606 2191 referre,
636 2155 771 2192 ineptum
793 2155 917 2188 videtur,
947 2164 1129 2192 quamquam
1151 2163 1167 2182 e
1189 2154 1352 2182 rectissima
1376 2155 1522 2182 sententia
1544 2161 1642 2184 ortum

144 2213 199 2245 est,
229 2209 388 2238 barbarum
415 2208 505 2237 stulte
529 2217 636 2247 agere,
666 2207 748 2246 quod
770 2207 966 2241 saltatricem,
999 2206 1083 2235 cuius
1104 2207 1244 2235 auxilium
1268 2206 1298 2235 in
1320 2207 1466 2245 Euripide
1489 2208 1643 2245 puniendo

145 2262 247 2300 magni
269 2262 413 2291 momenti
441 2267 502 2299 est,
536 2262 675 2291 dimittat.
719 2261 779 2299 Sed
806 2260 837 2289 id
864 2268 925 2288 non
948 2266 1031 2288 curat
1056 2265 1156 2298 poeta,
1188 2261 1324 2298 quamvis
1346 2270 1363 2288 a
1386 2265 1488 2289 nostro
1511 2261 1644 2290 alienum

144 2315 182 2344 sit
211 2315 341 2350 iudicio,
370 2320 403 2344 ut
429 2315 577 2344 subtiliter
603 2324 664 2343 rem
692 2314 779 2342 nobis
801 2314 916 2352 probet.
961 2312 1035 2341 Prae
1057 2313 1161 2341 ceteris
1182 2322 1302 2341 scenam
1325 2323 1451 2342 vacuam
1474 2314 1536 2342 fieri
1558 2315 1640 2348 vult;

144 2373 303 2406 propterea
331 2369 475 2406 Scytham
502 2368 657 2397 iracundia
688 2371 879 2396 occaecatum
911 2366 1045 2403 puellam
1074 2366 1293 2404 propellentem
1324 2367 1406 2396 facit.
1436 2384 1476 2388 -—
1503 2367 1643 2396 Ceterum

144 2421 313 2449 mirandum
344 2425 388 2449 est
417 2421 499 2459 quod
520 2421 632 2449 Velsen
661 2420 718 2448 hoc
745 2420 813 2447 loco
842 2418 951 2447 malam
974 2418 1124 2455 Blaydesii
1152 2419 1353 2447 coniecturam
1375 2418 1530 2457 διέβαλλο
1553 2416 1644 2460 psai

147 2476 234 2516 γραῦ
261 2473 292 2502 in
321 2479 435 2503 textum
469 2473 591 2512 recepit.
634 2472 746 2510 Scytha
768 2481 828 2500 non
855 2471 913 2499 iam
938 2471 1036 2499 lenam
1060 2471 1234 2508 alloquitur,
1264 2472 1314 2499 sed
1338 2475 1500 2509 postquam
1522 2472 1644 2501 nomine

144 2527 208 2555 eius
229 2527 424 2565 pronuntiato
446 2526 636 2555 interstitium
659 2525 739 2558 fecit,
767 2525 873 2553 frustra
891 2533 1067 2561 responsum
1083 2530 1243 2562 expectans
1257 2542 1296 2546 —-
1313 2534 1382 2553 nam
1398 2525 1429 2553 id
1445 2525 1503 2553 hoc
1519 2526 1643 2562 quidem

143 2580 212 2609 loco
241 2580 417 2618 imperfecto
444 2589 530 2608 versu
561 2579 724 2617 exprimere
753 2577 848 2606 voluit
870 2582 959 2616 poeta
982 2577 1020 2607 cf.
1042 2578 1173 2606 Acharn.
1195 2585 1265 2614 404.
1294 2578 1375 2608 Nub.
1399 2586 1457 2607 222
1479 2577 1642 2607 —.aoristi

143 2638 277 2671 tempore
300 2620 371 2661 usus
392 2642 423 2661 se
445 2634 484 2661 ab
506 2632 649 2671 Euripide
671 2631 831 2669 deceptum
853 2640 916 2660 esse
937 2631 1115 2659 confiteatur
1137 2640 1256 2661 necesse
1278 2637 1332 2661 est.
1356 2647 1396 2652 —
