1826 3088
778 231 1026 268 „33-

147 324 307 373 praediti
344 328 459 371 atque
493 323 627 360 leviter
663 322 798 359 mutati
833 329 1052 368 occurrunt,
1091 322 1265 372 quamvis
1292 323 1373 370 ipse
1402 327 1520 371 poeta
1547 322 1648 359 Nub.

149 387 222 434 546
248 399 333 435 sqq.
362 387 564 435 glorietur:
1113 428 1116 431 Α

293 444 378 489 οὔδ’
407 444 508 498 ὑμᾶς
535 448 636 503 ζητῷ
654 444 855 495 ’ξαπατᾶν
881 446 942 495 δὶς
967 447 1037 486 καὶ
1062 446 1146 498 τρὶς
1170 442 1278 486 ταῦτ’
1310 444 1473 500 εἰςάγων

292 509 381 551 ἀλλ’
413 507 476 551 ἀεὶ
504 503 641 558 κ’άινὰς
667 509 780 556 ἰδέας
806 508 977 561 ἒςφέρων
1004 509 1221 561 σοφίζομαι

292 570 404 613 οὐδὲν
430 573 664 625 ἀλλήλαισιν
691 570 842 621 ὁμοίας.
1287 624 1292 628 ἢ

239 636 514 684 ,(ἶοηεεόειῐηυε
528 636 831 684 Aristophanem
851 636 953 682 quod
973 636 1023 672 ad
1037 642 1263 683 argumenta
1279 636 1493 673 fabularum
1510 637 1646 673 attinet

143 701 223 737 iure
260 700 364 737 illam
392 700 555 748 gloriam
583 699 653 736 sibi
680 698 907 746 sumpsisse;
944 710 1133 747 personae
1160 704 1262 735 certe
1289 699 1471 736 varietate
1500 705 1642 735 carent.

143 763 224 799 Vix
251 775 349 810 opus
376 768 437 799 est
466 762 566 798 hanc
594 774 674 798 rem
702 761 889 808 exemplis
915 762 1130 806 adstruere;
1162 767 1292 798 tamen
1319 774 1339 798 e
1368 762 1495 798 multis
1522 774 1646 809 pauca

143 825 262 872 eligo:
293 824 541 872 Dicaeopolis
567 824 770 871 Trygaeus
795 824 1030 860 Pithetaerus
1062 824 1217 860 easdem
1245 823 1322 860 fere
1350 825 1536 861 sustinent
1563 837 1644 872 per-

141 898 278 931 sonas;
311 886 472 934 Agatho
492 886 978 934 Thesmophoriazusarum
1006 898 1084 921 non
1110 887 1271 922 multum
1296 886 1422 922 differt
1441 899 1464 922 a
1484 886 1643 923 Socrate

141 949 311 986 Nubium
357 955 395 986 et
434 949 616 997 Euripide
654 949 979 994 Acharnensium3
1027 949 1189 986 eundem
1234 949 1270 986 in
1312 949 1471 986 modum
1511 961 1642 986 servus

141 1013 372 1061 Agathonis,
410 1013 618 1060 discipulus
646 1012 825 1055 Socratis,
855 1012 1104 1060 Cephisopho
1133 1012 1296 1049 famulus
1322 1003 1513 1061 Euripidis
1545 1014 1642 1050 inter

140 1088 181 1113 se
207 1080 433 1123 congruunt.
479 1076 603 1112 Multo
630 1088 722 1112 vero
750 1075 916 1111 crebrior
938 1077 976 1111 in
994 1068 1265 1123 Aristophanis
1286 1076 1495 1112 comoediis
1515 1088 1640 1112 occur-

139 1139 186 1175 rit
213 1151 366 1175 scurrae
393 1150 578 1186 persona;
607 1139 637 1175 is
664 1138 968 1186 protagonistam
991 1139 1077 1175 inde
1101 1139 1151 1174 ab
1171 1139 1276 1174 initio
1297 1138 1448 1175 fabulae
1467 1140 1640 1175 comitari

138 1202 255 1245 solet,
295 1203 375 1237 eius
414 1201 556 1238 auxilio
590 1201 766 1249 dialogus
802 1200 974 1239 efficitur.
1027 1196 1168 1238 Verbis
1204 1201 1357 1237 alterius
1393 1214 1480 1237 suas
1516 1214 1639 1249 nugas
1685 1231 1695 1244 ,

139 1264 353 1300 admiscens
380 1264 547 1300 indolem
574 1264 800 1300 comoediae
827 1269 932 1299 curat
959 1264 1187 1300 servandam
1212 1270 1250 1299 et
1277 1276 1298 1299 e
1325 1270 1465 1315 poetae
1482 1265 1638 1301 arbitrio

137 1331 267 1374 potest
303 1328 492 1363 removeri
525 1327 755 1374 simulatque
792 1326 840 1361 ad
875 1325 966 1361 alias
1002 1331 1133 1373 partes
1168 1327 1337 1371 agendas
1372 1332 1502 1362 actore
1538 1339 1637 1374 opus

136 1394 204 1426 est.
257 1389 345 1425 Hoc
379 1401 531 1426 scurrae
568 1401 725 1427 munere
761 1401 850 1436 prae
880 1388 1016 1425 ceteris
1042 1387 1208 1436 fungitur
1234 1388 1441 1436 Euelpides
1470 1389 1634 1435 Avium;

135 1452 179 1488 in·
206 1452 404 1489 Ranarum
445 1452 573 1490 fabula
614 1465 761 1501 procax
799 1465 912 1489 verna
947 1451 1136 1488 Xanthias
1176 1453 1331 1488 easdem
1372 1452 1451 1499 agit
1486 1458 1634 1500 partes3
1661 1492 1664 1494 ,

134 1514 371 1562 Lysistratae
402 1515 509 1552 -haud
545 1516 617 1552 alia
653 1517 701 1552 de
736 1527 851 1552 causa
886 1514 1066 1551 Calonice
1102 1514 1278 1550 adiuncta
1313 1519 1382 1550 est.
1435 1515 1634 1563 Proprium

135 1582 193 1613 est
218 1578 389 1613 omnium
417 1577 565 1614 illarum
593 1590 856 1626 personarum,
885 1578 989 1626 quod
1017 1590 1092 1614 non
1120 1578 1188 1614 nisi
1215 1578 1252 1613 in
1278 1583 1388 1625 parte
1412 1579 1636 1615 comoediae

134 1645 310 1687 aguntur.
574 1682 577 1688 .

235 1702 431 1747 Immerito
459 1702 944 1751 Thesmophoriazusarum
973 1703 1234 1740 Mnesilochus
1269 1715 1400 1739 earum
1436 1703 1543 1751 gregi
1571 1704 1630 1740 ad-

133 1766 322 1802 miscetur.
384 1764 485 1800 Nam
526 1766 596 1801 etsi
633 1767 670 1802 in
705 1768 927 1803 comoediae
963 1766 1148 1813 prologo,
1189 1766 1371 1813 quamdiu
1407 1765 1631 1812 Euripidem

132 1829 319 1865 comitans
346 1840 653 1876 supervacaneus
681 1830 717 1866 in
744 1842 858 1867 scena
881 1834 1063 1873 versatur,
1093 1841 1225 1866 revera
1251 1817 1447 1866 scurrilem
1470 1829 1633 1865 sustinet

130 1903 354 1939 personam,
389 1897 520 1928 tamen
555 1892 787 1940 simulatque
820 1905 861 1929 se
896 1893 1120 1940 Euripidem
1156 1893 1253 1929 inter
1289 1892 1466 1928 mulieres
1502 1891 1628 1928 defen-

129 1965 259 1991 surum
294 1965 379 1990 esse
414 1954 605 2002 pollicitus
641 1956 679 1992 in
714 1953 890 1992 contio'ne
926 1956 1055 1998 adest,
1093 1955 1189 1992 ratio
1214 1955 1294 1992 eius
1321 1955 1434 2003 plane
1462 1961 1630 1991 mutatur

129 2029 253 2065 neque
270 2055 274 2058 ,
289 2017 434 2054 maiora
469 2024 668 2055 remanent
703 2019 935 2055 scurrilitatis
969 2024 1085 2066 atque
1117 2018 1298 2054 stultitiae
1324 2018 1484 2065 vestigia
1511 2029 1628 2065 quam

128 2081 166 2117 in
201 2079 371 2127 qualibet
405 2082 630 2119 comoediae
664 2094 828 2130 persona
856 2081 1033 2118 invenies.
1088 2081 1347 2123 Mnesilochus
1384 2081 1448 2129 qui
1483 2082 1626 2129 primas

128 2143 278 2180 fabulae
318 2149 447 2192 partes
487 2146 568 2192 agit
609 2145 772 2181 multum
811 2144 936 2181 differt
971 2145 1021 2181 ab
1056 2144 1242 2192 Euelpide
1281 2144 1438 2192 eiusque
1476 2145 1627 2192 generis

127 2206 311 2256 personis,

229 2268 379 2316 Quodsi
405 2270 598 2317 Euripidis
632 2271 787 2307 affinem
821 2270 938 2318 pluris
974 2282 1102 2316 aequo
1136 2270 1360 2306 aestimasse
1387 2271 1454 2306 tibi
1482 2271 1625 2314 videor,

125 2331 342 2382 diligentius
376 2332 491 2369 velim
520 2345 672 2371 mecum
700 2345 879 2381 quaeras,
921 2344 998 2381 qua
1025 2331 1481 2389 rationeAristophanes
1507 2332 1626 2370 Thes-

125 2395 505 2443 mophoriazusarum
532 2402 801 2444 argumentum
829 2402 956 2433 mente
984 2396 1214 2444 conceperit.
1238 2390 1240 2392 ¹

223 2458 426 2508 Euripides
453 2460 489 2496 in
510 2461 718 2509 tragoediis
737 2461 888 2509 saepius
906 2458 1072 2497 femineo
1092 2460 1222 2508 generi
1233 2459 1451 2498 maledixit.
1496 2459 1625 2508 Fingit

122 2521 404 2570 Aristophanes
432 2523 609 2579 mulieres
636 2530 843 2572 propterea
865 2524 918 2560 ira
943 2523 1117 2560 incensas
1137 2523 1238 2560 clam
1255 2514 1292 2560 in
1312 2523 1623 2571 Thesmophorio

119 2584 171 2621 de
196 2585 415 2623 ulciscendo
447 2588 595 2634 tragico
622 2588 822 2624 consulere
848 2592 1027 2635 parantes
1055 2587 1353 2635 Euripidemque
1381 2588 1625 2634 perterritum

182 2650 306 2682 Lange.
1359 2658 1376 2687 3
1419 2651 1424 2655 ⁴
