1826 3088
760 210 1007 270 *⁵3-

137 304 280 341 factam
307 315 392 340 esse
419 308 609 351 oporteat.
664 302 777 339 Certe
804 316 838 340 v.
864 314 956 352 1177
984 306 1150 353 tragicus
1178 311 1219 341 ut
1246 305 1331 341 lena
1356 317 1444 341 cum
1472 304 1640 341 barbaro

84 361 86 364 ’
141 366 383 414 colloquitur.
435 365 580 402 Contra
607 377 729 412 usque
755 366 804 402 ad
831 378 864 403 ν.
891 377 979 415 1171
1003 368 1226 415 Euripidem
1253 380 1323 403 suo
1351 368 1504 404 nomine
1532 366 1638 414 loqui

139 434 179 466 et
205 440 320 477 agere
347 440 503 465 necesse
530 433 608 473 est;
637 439 761 475 neque
788 429 883 465 inter
913 439 1002 477 1171
1035 435 1073 466 et
1104 439 1197 477 1172
1226 431 1437 478 quidquam
1463 431 1525 478 agi
1553 436 1636 478 pot-

139 497 240 536 erat,
277 504 365 528 cum
400 492 545 528 initium
581 504 712 528 versus
744 500 837 538 1172
866 490 956 540 ἐμὸν
990 489 1103 543 ἔργον
1130 490 1234 531 ἐστίν
1260 505 1347 529 cum
1376 494 1480 530 chori
1508 493 1636 530 verbis

140 555 327 591 artissime
362 554 578 591 cohaereat.
632 554 768 590 Nullus
803 555 914 602 igitur
937 556 1033 592 alius
1058 556 1278 602 relinquitur
1306 557 1412 592 locus
1441 556 1509 592 nisi
1538 557 1636 592 inter

144 626 236 665 1175
275 623 313 655 et
353 618 459 665 1176.
528 618 600 655 Hic
638 618 857 667 Euripides,
899 625 1105 667 postquam
1147 618 1355 655 ministram
1394 616 1517 655 suam*
1543 618 1636 666 quid

140 680 253 718 faciat
279 681 430 725 docuit‚'
448 682 485 718 in
512 682 595 730 ipsa
620 694 733 719 scena
760 694 962 730 personam
991 682 1099 718 lenae
1124 682 1291 730 suscipit.
1337 681 1446 729 Quae
1466 694 1636 719 commu-

139 745 235 782 tatio
262 745 353 781 satis
380 745 551 782 celeriter
577 758 646 794 per
668 757 809 782 novam
830 745 995 793 aliquam
1015 751 1162 781 vestem
1180 758 1398 793 novumque
1418 741 1636 795 πρόσωπον

139 807 220 844 fieri
254 814 407 856 poterat
418 809 458 856 1).
519 809 720 845 Praeterea
754 821 776 844 e
812 821 846 845 v.
880 809 975 855 1176
1015 805 1183 858 ἀνεγεῖρι
1222 808 1407 856 Scytham
1448 809 1635 845 dormisse

140 869 310 908 efficitur.
359 871 495 908 Donec
521 872 634 920 igitur
659 877 807 908 vestem
834 871 994 908 mutavit
1012 871 1224 918 Euripides,
1252 872 1437 919 temporis
1468 872 1635 919 spatium

138 935 243 981 quod
270 934 474 982 Elaphium
502 935 689 978 saltando,
719 934 871 971 Teredo
906 934 1006 971 tibiis
1034 935 1205 971 canendo
1233 935 1377 983 implet,
1403 926 1466 971 'ex
1493 941 1633 983 poetae

139 996 294 1033 arbitrio
321 998 479 1044 produci
507 1003 647 1045 potest.
702 997 803 1033 Tum
830 998 986 1033 demum
1013 997 1293 1044 Aristophanes
1319 997 1428 1044 fingit
1446 997 1634 1044 Scytham

137 1059 453 1107 expergefactum
481 1072 579 1107 quae
606 1061 654 1096 sit
680 1060 860 1107 strepitus
886 1072 1000 1096 causa
1018 1060 1315 1107 interrogantem
1333 1060 1635 1108 Euripidemque

137 1122 208 1159 sub
235 1122 343 1159 lenae
370 1135 533 1171 persona
559 1123 874 1170 respondentem:
1024 1170 1026 1172 Ι

476 1181 500 1236 ἦ
530 1188 628 1232 παῖς
655 1182 791 1234 ἐζιιελλε
816 1185 1068 1235 προμελετᾶν,
1098 1177 1128 1224 ὦ
1153 1182 1306 1232 τοξότα.

841 1491 926 1528 VII.

262 1592 347 1634 DE
380 1564 1043 1635 THESMOPHORIAZUSIS
1077 1593 1515 1636 ZIELINSKIANA.

245 1772 370 1821 Siquis
398 1780 528 1812 nostra
554 1779 678 1811 aetate
697 1773 1106 1822 Thesmophoriazusis
1132 1776 1353 1811 tractandae
1381 1787 1540 1823 operam
1559 1776 1635 1818 dat,

144 1836 210 1872 vix
238 1836 361 1874 facere
388 1844 528 1886 potest,
557 1839 647 1886 quin
673 1849 761 1874 cum
786 1838 970 1874 acerrimo
990 1836 1143 1874 fabulae
1165 1839 1393 1882 adversario,
1423 1838 1638 1885 Zielinskio‚

139 1896 351 1947 'utcumque
377 1902 557 1938 decertet.
604 1900 672 1937 Cui
701 1901 731 1937 si
758 1900 957 1943 credimus,
986 1891 1543 1949 Thesmophoriazusae-cuius
1570 1902 1638 1937 vir-

144 1967 265 1999 tutem
305 1964 342 2000 in
385 1965 438 2001 eis
473 1976 572 2011 quae
605 1964 836 2000 antecedunt
868 1963 1098 2011 compluries
1133 1965 1430 2012 comprobantes
1464 1964 1640 2001 admirati

146 2038 295 2070 sumus,
332 2027 433 2064 mala
465 2027 666 2063 comoedia
701 2031 760 2063 est
792 2026 922 2074 eisque
957 2038 1056 2073 quae
1091 2027 1187 2063 inter
1219 2039 1260 2063 se
1287 2033 1461 2075 pugnant
1488 2027 1637 2064 referta.

147 2088 288 2126 Statuit
324 2090 424 2127 enim
451 2090 569 2127 homo
598 2091 735 2127 doctus
763 2088 840 2126 fere
866 2089 961 2126 haec
972 2090 1021 2138 2);
1058 2089 1480 2138 Thesmophoriazusae
1507 2091 1638 2134 altera,

146 2153 264 2201 vulgo
303 2166 370 2201 per
408 2153 573 2190 litteram
607 2155 633 2202 β
668 2153 835 2201 signata,
876 2153 980 2189 cuius
1019 2165 1142 2201 pauca
1181 2153 1306 2190 solum
1340 2153 1556 2202 fragmenta
1590 2154 1640 2190 ad

148 2222 318 2253 nostram
344 2222 510 2254 aetatem
538 2221 767 2260 manserunt,
804 2216 904 2252 idem
930 2215 1043 2263 plane
1071 2216 1202 2253 habuit
1228 2222 1498 2266 argumentum
1524 2222 1641 2264 atque

147 2286 341 2329 superstes
368 2282 537 2318 eiusdem
564 2281 726 2317 nominis
751 2279 889 2328 fabula,
918 2280 965 2316 de
993 2292 1070 2327 qua
1096 2292 1166 2317 nos
1192 2292 1307 2328 supra
1334 2280 1501 2328 egimus;
1537 2280 1642 2317 illam

252 2430 278 2470 ¹)
298 2433 392 2461 Recte
406 2433 607 2462 Wilamowitz
630 2442 678 2462 me
699 2432 816 2461 monuit
837 2430 1013 2468 Euripidem
1035 2431 1066 2460 in
1087 2432 1152 2470 ipsa
1173 2442 1261 2461 scena
1282 2436 1394 2461 vestem
1421 2436 1550 2460 mutasse
1572 2432 1643 2460 inde

149 2486 238 2520 effici,
265 2486 347 2525 quod
369 2486 498 2524 tragicus
518 2497 547 2516 v,
565 2494 641 2524 1203
663 2490 823 2524 postquam
845 2485 971 2522 decepto
993 2485 1105 2522 Scytha
1125 2485 1211 2514 lenae
1232 2495 1390 2524 personam
1416 2494 1514 2513 rursus
1536 2485 1644 2513 abiecit

149 2549 267 2568 servum
298 2542 440 2574 ιτουτία,
471 2545 584 2568 vestem
614 2539 726 2568 scilicet
755 2548 814 2576 qua
835 2538 873 2566 ad
896 2538 1071 2567 imitandam
1092 2539 1190 2567 lenam
1215 2548 1284 2567 usus
1306 2543 1383 2576 erat,
1415 2538 1529 2567 auferre
1551 2539 1644 2568 iubet.

251 2592 276 2631 2)
296 2592 358 2622 Die
384 2593 565 2630 Gliederung
583 2592 636 2620 der
658 2592 846 2620 altattisclzen
869 2591 1023 2625 Kom'o'die,
1051 2592 1175 2630 Leipzig
1197 2592 1281 2626 1885
1298 2596 1332 2629 p.
1357 2598 1395 2629 79
1419 2601 1481 2629 sqq.
