1826 3088
752 213 999 258 ..48-

117 314 304 357 iubentur,
343 326 432 350 eum
460 314 510 350 ab
537 313 695 351 aedibus
722 314 943 361 Agathonis
970 315 1019 350 ad
1048 313 1401 360 Thesmophorium
1428 315 1624 361 migrasse.

119 374 262 425 Θύριον
287 376 519 424 Agathonis,
549 375 861 424 Thesmophorio
896 389 931 413 v.
951 377 1037 424 ·276
1070 377 1107 412 in
1142 375 1382 412 orchestram
1420 388 1519 425 quae
1546 376 1623 413 iam

114 452 183 488 per
218 439 457 487 aliquantum
491 440 678 487 temporis
715 439 882 487 spatium
916 451 1084 488 pnycem
1112 437 1371 486 significatura
1398 445 1456 486 est
1484 451 1622 487 provo-

114 502 208 546 luto,
237 503 444 551 propriam·
463 513 582 549 quam
609 502 646 539 in
672 502 838 551 prologo
865 501 999 539 habuit
1017 503 1185 550 speciem
1204 501 1318 549 plane
1337 502 1478 539 amittit
1498 514 1624 551 neque

115 566 152 603 in
189 566 334 613 reliqua
362 565 491 602 fabula
518 571 577 602 est
604 565 672 602 nisi
700 565 820 602 altera
847 577 979 603 earum
1008 561 1172 609 διόδων,
1207 565 1345 614 quibus
1372 565 1625 615 Aristophani

115 640 214 676 opus
251 640 336 664 esse
372 627 468 664 infra
495 628 710 664 videbimus
739 635 779 664 ut
806 640 993 676 personas
1021 641 1109 664 suas
1135 634 1227 675 post
1253 641 1408 664 scenam
1433 629 1625 665 abducere
1654 629 1656 631 ’

114 692 248 740 possit.
651 685 653 687 ¹

218 753 297 790 Sed
324 754 550 802 priusquam
578 755 626 790 de
655 754 802 802 reliquo
830 766 969 790 scenae
996 760 1184 802 apparatu
1217 767 1341 802 pauca
1367 755 1540 799 adiciam,
1578 767 1625 792 ea

114 818 354 865 corrigantur
390 829 547 853 necesse
584 822 644 853 est
685 829 783 865 quae
819 817 946 853 adhuc
982 817 1157 853 homines
1190 817 1294 854 docti
1330 818 1379 854 de
1414 819 1560 855 ratione
1587 819 1624 855 in

113 892 270 917 scenam
297 880 512 928 prodeundi
540 879 600 915 vel
629 871 681 915 ex
699 892 744 916 ea
762 880 925 916 abeundi
945 880 1125 927 suspicati
1143 885 1241 916 sunt.
1287 880 1387 916 Nam
1408 882 1624 930 nuperrime

113 956 183 992 per
209 942 504 991 Doerpfeldium
516 942 544 990 ¹)
571 942 740 991 vulgaris
767 943 814 979 de
843 943 996 980 theatro
1015 943 1150 979 Attico
1178 942 1318 979 saeculi
1337 943 1466 989 quinti
1494 944 1624 991 opinio

112 994 274 1043 infracta
298 1011 358 1042 est
383 1011 501 1052 atque
529 1005 726 1042 debilitata
754 1018 878 1053 neque
908 1006 985 1044 ulla
1013 1007 1088 1042 iam
1116 1018 1314 1042 remanere
1342 1006 1490 1042 videtur
1520 1006 1623 1042 dubi-

111 1070 227 1113 tatio,
271 1069 362 1117 quin
398 1067 675 1116 Aristophanei
715 1068 918 1105 histriones
961 1080 1036 1105 una
1076 1080 1164 1104 cum
1200 1072 1318 1105 choro
1354 1069 1391 1105 in
1427 1069 1624 1105 orchestra

114 1132 326 1170 orbiculata
355 1132 513 1179 egerint.

215 1195 433 1233 Permultae
460 1187 692 1232 offensiones
720 1206 816 1243 quas
840 1194 1331 1243 Thesmophoriazusarum
1359 1194 1488 1232 fabula
1515 1196 1623 1231 inter-

112 1258 285 1305 pretibus
312 1258 491 1304 praebuit
508 1258 730 1305 simpliciter
751 1258 814 1294 illa
833 1271 873 1294 re
892 1262 1149 1295 removentur.
1195 1258 1276 1294 Iam
1295 1258 1455 1294 chorum
1475 1259 1622 1305 optime

112 1332 202 1356 cum
221 1320 416 1357 actoribus
436 1321 679 1357 coniunctam
694 1310 735 1357 *in
755 1321 936 1358 contione
956 1319 1112 1357 causam
1132 1333 1247 1368 agere
1261 1321 1433 1368 potuisse
1447 1325 1620 1373 apparet.

213 1384 309 1421 Prae
336 1385 473 1421 ceteris
500 1397 546 1421 ea
574 1397 673 1433 quae
691 1385 872 1432 Droysen
885 1385 916 1432 2)
944 1385 991 1421 de
1010 1396 1155 1438 scenae
1183 1384 1304 1432 portis
1322 1395 1532 1432 earumque
1550 1395 1620 1420 usu

109 1448 282 1492 coniecit,
311 1448 581 1485 emendatione
607 1448 795 1495 indigent,
833 1460 922 1485 cum
950 1460 1026 1484 non
1054 1448 1129 1483 iam
1158 1448 1269 1484 liceat
1296 1447 1490 1490 dubitare,
1529 1447 1618 1493 quin

109 1511 262 1559 saepius
298 1511 501 1548 histriones
538 1511 675 1548 eadem
711 1512 771 1548 via
808 1524 885 1560 qua
918 1511 1125 1548 choreutae
1162 1523 1232 1559 per
1271 1510 1440 1558 parodos
1474 1509 1620 1547 scilicet

107 1574 330 1610 intraverint
357 1574 417 1610 vel
445 1575 689 1611 decesserint.
726 1574 878 1622 Pulpito
905 1575 1018 1622 igitur
1045 1575 1302 1623 periactisque
1323 1573 1480 1610 abiectis
1499 1585 1614 1609 nova-

109 1649 185 1686 que
203 1638 333 1675 addita
351 1638 606 1675 delineatione
624 1630 723 1685 quae
742 1638 900 1686 propius
920 1638 968 1673 ad
990 1638 1190 1674 veritatem
1209 1637 1367 1680 accedit,
1397 1635 1618 1672 obsoletam

109 1701 276 1737 hominis
302 1702 407 1737 docti
434 1702 666 1737 sententiam
695 1702 901 1737 emendare
929 1701 1109 1736 conabor.

210 2388 290 2423 Fac
325 2398 395 2434 per
430 2386 598 2423 litteram
624 2385 665 2420 A
692 2396 778 2420 eam
815 2383 1019 2431 significari
1048 2389 1204 2432 portam
1236 2395 1305 2430 per
1333 2395 1450 2430 quarn
1478 2396 1513 2421 v.
1544 2384 1619 2431 276

108 2449 409 2499 Thesmophorii
436 2448 584 2499 effigies
611 2447 859 2498 provehitur,
898 2459 967 2496 per
993 2446 1160 2485 litteram
1188 2446 1219 2483 B
1248 2457 1369 2494 usque
1396 2446 1445 2483 ad
1480 2458 1516 2485 v.
1544 2446 1619 2494 276

211 2552 236 2592 1)
257 2553 296 2583 cf.
318 2552 468 2582 Kawerau
490 2552 521 2581 in
546 2552 752 2580 »Denkmiiler
772 2552 821 2580 des
844 2551 1026 2580 klassisclten
1048 2551 1232 2579 Altertams·
1259 2560 1281 2580 s.
1304 2560 1333 2578 v.
1352 2550 1382 2577 T
1378 2550 1623 2589 lzeaterg'ebiiude„

209 2606 236 2646 ς)
256 2608 278 2638 l.
300 2617 327 2637 a.
353 2613 387 2643 71
414 2617 459 2645 sq.
