1826 3088
799 261 1026 296 -4-

159 359 309 402 potest,
348 365 465 402 quarn
501 354 538 390 in
566 354 720 401 reliquis
747 365 902 402 quoque
929 355 1099 402 parodiis
1125 354 1334 391 tractandis
1362 352 1520 389 feliciter
1546 351 1668 398 ingre-

159 416 319 455 diemur.
762 414 764 416 ’

261 481 511 517 Immutatam
538 480 707 527 aliquam
734 480 956 527 tragoediae
975 486 1126 529 partem
1145 481 1183 518 in
1200 480 1445 518 comoediam
1463 477 1669 516 transferre

160 543 332 590 nequivit
366 541 661 591 Aristophanes
723 543 767 580 In
806 555 922 580 unum
958 544 1073 592 idque
1109 544 1293 592 exiguum
1328 542 1416 591 cogi
1451 553 1551 590 opus
1587 545 1669 578 erat

161 618 261 653 quae
297 606 335 641 in
371 606 574 653 tragoedia
600 606 693 642 satis
719 618 861 654 magno
888 608 1016 654 spatio
1042 607 1252 649 distabant,
1276 605 1442 642 Menelai
1469 605 1668 648 adventus,

160 668 324 716 agnitio,
363 666 464 716 fuga.
518 666 680 705 Summa
716 674 799 706 arte
824 669 1107 718 Aristophanes
1143 669 1181 706 id
1219 673 1417 706 assecutus
1443 673 1513 705 est.
1567 666 1669 703 Nam

159 743 248 768 cum
275 731 309 768 ei
336 736 415 768 tres
441 731 568 768 solum
592 743 784 779 personae
810 732 859 769 ad
885 733 1080 781 agendum
1107 737 1265 780 praesto
1285 737 1424 775 essent,
1453 730 1668 778 Euripides,

161 793 433 838 Mnesilochus,
470 793 607 830 mulier
634 794 725 843 Pl),
765 801 805 832 at
832 795 868 832 in
893 796 1097 845 tragoedia
1121 808 1193 833 sex
1219 799 1429 839 exstarent,
1457 792 1667 836 Menelaus,

161 858 322 903 Teucer,
351 857 677 906 Theoclymenus,
698 857 859 903 Helena,
879 857 1081 902 Theonoe,
1101 871 1207 903 anus,
1232 870 1368 895 omnes
1387 857 1465 895 fere
1483 868 1670 905 personas

159 923 327 970 tragicas
363 921 607 958 callidissime
643 922 830 967 servavit,
865 922 1085 960 Menelaum
1120 936 1208 960 cum
1245 922 1416 965 Teucro,
1453 920 1670 958 Theonoen

160 997 350 1022 cum-anu
379 985 615 1032 coniungens
641 983 696 1021 ita
722 990 764 1021 ut
791 984 1010 1023 Menelaum
1036 986 1152 1023 etiam
1180 985 1318 1023 Teucri
1344 983 1472 1021 verbis
1498 988 1670 1021 utentem

162 1048 307 1085 faceret
333 1049 383 1075 '—-
411 1048 516 1095 quod
542 1050 590 1083 e'o
619 1047 765 1084 facilius
791 1048 871 1084 fieri
897 1055 1063 1096 poterat,
1101 1050 1190 1096 quia
1216 1050 1253 1085 in
1280 1047 1479 1095 tragoedia
1505 1058 1671 1095 persona

162 1111 303 1148 Teucri
332 1122 480 1147 merum
508 1115 566 1146 est
591 1105 811 1159 πρόσωπον
833 1109 1073 1160 προτατικόν
1090 1118 1129 1149 et
1147 1116 1278 1160 partes
1297 1111 1378 1148 eius
1397 1122 1485 1147 cum
1497 1108 1670 1161 ‘Menelai

162 1186 321 1221 prorsus
349 1173 592 1209 consentiunt
618 1195 680 1216 —,
709 1174 796 1209 anui
824 1179 953 1210 autem
981 1174 1191 1211 Theonoes
1218 1186 1360 1211 nomen
1387 1174 1505 1211 daret.
1552 1171 1670 1220 Quod

162 1243 204 1273 ut
231 1236 368 1273 clarius
387 1236 682 1280 demonstretur,
711 1248 779 1273 eos
798 1249 929 1274 versus
949 1237 1013 1286 qui
1033 1250 1083 1274 ex
1102 1237 1253 1274 Helena
1271 1236 1460 1274 immutati
1477 1235 1670 1284 desumpti

161 1305 250 1336 sunt
277 1310 502 1335 enumerare
527 1311 705 1347 quaeque
730 1305 797 1336 aut
826 1300 862 1336 in
888 1301 1089 1348 tragoedia
1116 1307 1182 1337 aut
1209 1301 1246 1336 in
1272 1300 1473 1337 comoedia
1499 1311 1568 1336 eos
1586 1310 1670 1347 pro-

161 1363 310 1400 nuntiet
336 1373 503 1410 persona
528 1361 675 1399 addere
701 1361 825 1400 liceat.

160 1470 339 1505 Thesm.
1503 1469 1671 1520 Helena
1735 1476 1738 1479 ·

160 1541 232 1586 855
264 1542 304 1576 K
313 1554 336 1589 η
348 1539 382 1577 ὁ.
436 1536 583 1577 Νείλου
609 1537 682 1586 μὲν
709 1539 799 1578 αἵδε
824 1538 1143 1588 καλλιπάρθενοι
1171 1538 1263 1588 ῥοαί
1437 1534 1522 1578 Ἑλ.
1652 1548 1666 1574 Ι

436 1593 479 1647 ὃς
505 1595 591 1639 ἀντὶ
620 1599 709 1648 δίας
734 1598 916 1652 ψακάδος
942 1599 1158 1652 Αἰγύπτου
1185 1601 1310 1641 πέδον

440 1664 578 1715 λευκῆς
606 1695 613 1701 .
645 1695 651 1702 .
684 1695 690 1701 .
718 1695 721 1698 Α
722 1696 959 1704 .......
1034 1706 1038 1710 ,

161 1727 237 1774 859
440 1724 530 1773 ἐμοὶ
559 1726 604 1765 δὲ
630 1728 678 1778 γῆ
703 1726 775 1774 μὲν
801 1728 944 1777 πατρὶς
969 1723 1039 1766 οὒκ
1066 1724 1265 1776 ἀνώνυμος
1627 1727 1672 1762 16

440 1787 616 1842 Σπάρτη,
644 1787 777 1842 πατὴρ
805 1789 849 1830 δὲ
882 1788 1110 1843 Τυνδάρεως
1138 1823 1144 1829 .
1177 1822 1183 1829 .
1216 1822 1222 1829 .
1255 1822 1261 1829 .

163 1855 236 1890 862
438 1849 571 1902 Ἑλένη
599 1849 636 1891 δ’
660 1853 833 1905 ἐκλήθην
858 1882 1249 1891 ...........
1624 1864 1670 1890 22

162 1917 240 1964 864
443 1914 572 1966 ψυχαὶ
594 1914 639 1955 δὲ
659 1915 810 1956 πολλαὶ
831 1913 885 1958 δι’
908 1911 963 1966 ἔμ’
988 1915 1058 1956 ἐπὶ
1078 1914 1372 1968 Σκαμανδρίαις
1625 1923 1671 1963 52

442 1981 600 2027 ῥοαῖσιν
627 1977 774 2018 ἔθανον
801 2009 1193 2021 ...........
1381 2001 1384 2004 ·

164 2042 240 2079 866
445 2037 555 2091 κάγὼ
580 2041 652 2090 μὲν
670 2037 811 2080 ἐνθάδ’
842 2038 915 2092 εἴμ’
934 2053 942 2062 ·
972 2037 993 2081 ὃ
1017 2037 1054 2081 δ’
1078 2037 1223 2089 ἅθλιος
1241 2040 1362 2088 πόσις
1622 2051 1673 2088 49

164 2106 237 2143 868
445 2103 485 2143 τί
512 2096 579 2144 οὖν
606 2102 664 2145 ἔτι
694 2105 807 2155 {uz-2)

163 2170 210 2216 87
220 2179 233 2205 1
266 2170 301 2206 Ε
307 2163 330 2206 ὗ
339 2182 371 2218 ρ.
438 2167 500 2214 τίς
525 2165 642 2207 τῶνδ’
675 2166 846 2219 ἐρυμνῶν
873 2166 1064 2217 δωμάτων
1091 2166 1171 2217 ἔχει
1199 2165 1343 2219 κράτος
1425 2171 1485 2206 Τε
1495 2183 1517 2207 υ
1527 2181 1552 2206 κ
1561 2181 1594 2218 ρ.
1622 2167 1671 2204 68

164 2233 237 2279 878
267 2234 308 2269 Κ
317 2246 340 2282 η
351 2231 385 2270 δ.
439 2228 665 2281 Αἴγυπτον.
678 2226 736 2270 Εὖ
744 2246 776 2282 ρ.
790 2223 820 2270 ὦ
836 2228 1022 2284 δύστηνος
1036 2225 1077 2270 οἷ
1088 2229 1394 2283 πεπλώκαμενδ)
1421 2233 1473 2270 Μ
1479 2244 1498 2270 ε
1508 2246 1539 2273 ν.
1598 2230 1667 2289 461

163 2295 241 2332 886
269 2297 309 2332 K
318 2308 341 2345 η
354 2294 389 2332 δ.
442 2289 530 2333 τόδ’
559 2293 665 2333 ἐστὶν
692 2290 811 2333 αἰτοῦ
838 2293 922 2346 σῆμ’
936 2296 969 2344 4)
980 2322 1161 2333 ......
1424 2298 1459 2332 Γ
1462 2309 1484 2344 ρ
1494 2309 1519 2333 α
1529 2295 1552 2333 ὖ
1562 2309 1582 2341 ς
1595 2294 1671 2340 466

270 2422 295 2460 ¹)
317 2422 444 2451 Numeri
463 2427 493 2450 et
516 2423 675 2451 mulierum
696 2429 726 2452 et
751 2434 888 2452 versuum
911 2429 981 2453 sunt
1002 2423 1143 2452 editionis
1163 2424 1372 2453 Meinekianae
1394 2428 1523 2458 stereot.,
1552 2422 1680 2461 Lipsiae.

167 2476 255 2506 1860.

267 2528 293 2568 ¹¹)
314 2530 350 2560 τί
369 2525 445 2568 δῆτ’
469 2529 518 2560 ἔτι
544 2530 586 2564 Co)
609 2528 779 2568 Euripides.

266 2582 293 2620 ³)
314 2583 513 2623 Αἴγυπτος;
535 2577 560 2613 ὦ
583 2580 755 2621 δύστηνος,
778 2579 812 2613 οἱ
833 2579 991 2614 πέπλευκ’
1018 2579 1090 2625 ἄρα.
1105 2584 1276 2623 EuripideS.

267 2635 294 2674 ⁴)
313 2636 431 2677 μνῗμα
454 2636 626 2675 Euripides.
