1826 3088
802 259 1053 297 -15-

277 350 493 389 Genuinum
511 350 789 389 Andromedae
816 350 945 387 locum
962 350 1083 389 schol.
1104 351 1261 388 Thesm.
1287 359 1392 398 1105,
1420 351 1616 387 Maximus
1642 351 1678 386 in

173 414 287 451 Dion.
320 414 467 462 Areop.
484 414 531 451 ,ΙΙ
564 427 602 463 p.
632 413 760 461 234C,
797 413 940 461 Georg.
967 413 1150 461 Pachym.
1178 414 1266 450 ibid.
1293 414 1310 450 I
1337 426 1374 462 p.
1406 413 1525 461 564D
1554 414 1677 451 multo

173 477 389 514 uberiorem
416 482 665 514 servaverunt
676 476 717 527 ¹).
762 476 915 513 Initium
933 476 1059 513 solum
1078 488 1256 513 versuum
1275 477 1508 524 tragicorum
1528 477 1676 513 Aristo-

172 540 319 590 phanes
360 540 396 577 in
423 541 665 578 comoediam
691 540 885 578 transtulit
911 546 952 577 ut
977 540 1178 590 parodiam
1206 541 1297 577 satis
1324 541 1415 578 artis
1442 539 1580 577 finibus
1608 541 1675 577 cir-

172 596 455 646 cumscriberet,
481 604 534 640 eis
563 616 662 651 quae
685 604 723 640 in
738 603 939 651 tragoedia
958 609 1049 651 post
1069 599 1337 640 vocabulum‘
1319 605 1398 652 ορῶ
1415 604 1676 651 sequebantur

171 665 286 715 plane
313 667 475 703 omissis.
529 666 572 703 In
608 678 743 704 eorum
770 666 899 704 locum
925 671 1042 715 poeta
1070 666 1119 702 ad
1146 666 1416 714 complendam
1444 667 1673 703 sententiam

171 729 367 766 substituit
393 729 512 765 verba
538 728 607 766 καὶ
634 727 839 779 παρθένον
864 731 982 775 θεαῖς
1008 724 1149 778 ὁμοίαν
1175 731 1266 767 ναῦν
1290 725 1399 775 ὅπως
1427 725 1675 779 ὡρμισμένην

171 803 271 839 quae
298 796 426 827 utrum
454 791 536 840 ipse
563 792 826 841 composuerit
852 804 900 829 an
927 804 977 829 ex
1000 791 1076 828 alio
1100 793 1269 839 quodam
1289 792 1565 829 Andromedae
1583 793 1672 829 loco

170 855 377 902 sumpserit
412 850 615 902 quaeritur.
667 855 868 904 Negarunt
902 855 1076 892 homines
1111 855 1215 892 docti
1245 868 1291 892 ea
1319 868 1340 892 e
1367 856 1567 904 tragoedia
1595 868 1670 892 ma-

170 929 300 961 nasse;
342 918 447 964 quod
485 923 526 954 ut
564 917 731 955 facerent
769 919 937 955 maxime
979 919 1100 954 movit
1129 919 1244 967 >quod
1279 918 1397 955 verba
1434 920 1525 956 ναῦν
1560 914 1673 963 ὅπως

170 974 417 1030 ὡρμισμένην
453 981 503 1017 ad
542 981 826 1017 similitudinem
861 981 974 1018 Herc.
1018 990 1114 1027 1094
1153 977 1262 1027 ἰδού,
1302 980 1341 1019 τί
1381 981 1541 1028 δεσμοῖς
1578 982 1672 1026 ναῦς

170 1037 282 1089 ὅπως
307 1033 664 1094 ὡρμισμένος-ἧμαι
691 1044 741 1081 ab
760 1043 1021 1092 Aristophane
1040 1044 1256 1092 composita
1283 1044 1469 1081 videntur.
1520 1044 1670 1081 Tamen

168 1107 456 1143 concedendum
484 1113 561 1150 est,
597 1107 788 1144 neminem
813 1107 1072 1144 dubitaturum
1099 1106 1232 1151 fuisse,
1269 1108 1360 1155 quin
1386 1107 1505 1145 verba
1530 1108 1594 1145 illa
1620 1121 1671 1145 ex

168 1170 422 1207 Andromeda
448 1175 603 1218 sumpta
630 1171 705 1206 sint
727 1171 759 1206 si
778 1169 962 1206 Hercules
979 1169 1187 1218 Euripidea
1209 1169 1308 1207 forte
1325 1170 1496 1218 perisset.
1532 1171 1670 1219 Neque

167 1233 268 1269 enirn
304 1233 334 1269 si
359 1232 485 1269 solum
512 1232 998 1281 Thesmophoriazusarum
1024 1245 1178 1269 versum
1205 1232 1513 1281 contemplamur
1539 1235 1670 1280 negari

166 1301 298 1344 potest
325 1296 547 1344 Euripidem
584 1297 733 1344 optimo
769 1297 849 1333 iure
885 1296 950 1333 tali
985 1296 1152 1344 imagine
1179 1297 1217 1333 in
1243 1296 1497 1334 Andromeda
1523 1298 1577 1339 uti
1604 1310 1670 1345 po-

165 1358 293 1393 tuisse.
348 1357 465 1404 Quod
491 1358 718 1395 scholiastes
744 1359 793 1394 de
820 1358 896 1394 hoc
922 1370 1033 1394 versu
1060 1358 1157 1401 silet,
1186 1359 1276 1393 nihil
1303 1358 1425 1401 valet,
1469 1371 1557 1394 cum
1586 1360 1669 1395 aliis

164 1420 364 1469 permultis
401 1421 496 1458 locis
533 1420 672 1470 quibus
706 1421 825 1459 verba
855 1421 934 1458 sine
964 1421 1082 1458 dubio
1109 1434 1130 1458 e
1158 1421 1358 1470 tragoedia
1385 1427 1541 1471 sumpta
1567 1428 1666 1465 sunt,

164 1484 476 1532 intempestivum
511 1490 639 1521 servet
677 1484 879 1521 silentium.
938 1483 1056 1532 Quod
1097 1486 1147 1521 ad
1186 1485 1477 1521 antecedentem
1515 1498 1667 1521 versum

164 1548 329 1597 genuina
354 1548 631 1586 Andromedae
666 1548 784 1586 verba
819 1548 1016 1586 adnotavit
1051 1548 1102 1585 nil
1134 1547 1245 1585 nobis
1278 1549 1509 1597 persuadere
1537 1555 1668 1597 potest

162 1611 232 1647 nisi
269 1612 380 1654 illud,
417 1605 536 1663 uerba
570 1613 689 1659 θεαῖς
723 1607 864 1660 ὁμοίαν
898 1612 989 1649 ναῦν
1016 1606 1127 1657 ὅπως
1153 1606 1400 1661 ὡρμισμένην
1425 1624 1513 1648 curn
1540 1612 1667 1648 verbis

162 1670 209 1711 ἔα
234 1668 309 1712 τίν’
341 1668 473 1721 ὄχθον
491 1674 570 1713 κτλ.
598 1679 680 1711 arte
707 1674 909 1711 coniuncta
935 1686 1011 1710 non
1039 1672 1165 1711 fuisse.
1194 1673 1361 1710 -Tamen
1379 1674 1415 1710 ni
1434 1673 1545 1711 fallor
1563 1675 1666 1712 haud

162 1750 305 1785 magno
333 1738 459 1786 spatio
482 1738 697 1774 intermisso
716 1737 985 1785 sequebantur.
1023 1737 1183 1774 Perseus
1201 1737 1432 1784 simulatque
1454 1737 1491 1774 in
1508 1749 1664 1774 scenam

160 1800 349 1847 processit
360 1800 390 1847 ²)
417 1805 534 1847 atque
560 1812 649 1836 cum
676 1801 956 1848 spectatoribus
981 1811 1107 1847 pauca
1131 1800 1180 1836 de
1206 1811 1248 1836 se
1275 1811 1421 1848 suaque
1439 1800 1664 1836 condicione

160 1861 522 1910 communicavitss),
558 1862 854 1900 Andromedam
891 1862 1076 1910 conspicit
1111 1873 1237 1909 neque
1270 1873 1362 1898 vero
1396 1883 1440 1889 —
1466 1874 1555 1899 nam
1584 1874 1664 1899 nox

159 1938 245 1963 esse
269 1925 435 1973 fingitur,
464 1925 622 1963 Thesm.
657 1926 749 1973 1065
779 1948 829 1954 —
855 1927 980 1963 vivam
1017 1925 1205 1973 virginem
1232 1926 1300 1965 sed
1328 1925 1572 1963 simulacrum
1601 1926 1662 1963 ali-

159 1989 275 2038 quod,
302 1987 508 2040 παρθένου
533 1984 628 2028 εἰκώ
644 2003 733 2028 τινα
752 1986 798 2037 ἐξ
814 1983 1069 2040 αὖτομόρφων
1093 1985 1239 2027 λαΐνων
1259 1984 1507 2037 τυκισμάτων
1526 1988 1608 2028 κτλ.
1616 1989 1662 2038 ⁴),

158 2060 418 2089 marmoreum
444 2065 543 2101 opus
553 2053 585 2100 ⁵)
612 2053 783 2101 aspicere
809 2065 894 2090 sese
920 2052 1152 2100 suspicatur;
1181 2057 1264 2088 tum
1288 2052 1445 2088 demum
1469 2065 1556 2089 cum
1576 2065 1661 2101 pro-

157 2116 243 2163 pius
268 2116 472 2152 accesserit
499 2116 604 2152 videt
629 2116 816 2163 virginem
843 2115 1035 2151 viventem
1053 2120 1092 2150 et
1118 2114 1267 2151 vincula
1290 2114 1428 2161 quibus
1454 2116 1503 2152 ad
1522 2128 1660 2152 saxum

156 2177 314 2227 alligata
356 2182 435 2222 est;
481 2178 587 2225 quod
628 2190 717 2214 cum
761 2176 980 2226 pronuntiet
1018 2176 1220 2225 Euripides
1260 2189 1349 2213 eum
1389 2177 1554 2225 imagine
1596 2178 1660 2214 illa

156 2247 328 2279 utentem
355 2240 445 2278 facit
471 2254 523 2278 ex
546 2241 712 2279 Hercule
739 2241 912 2290 repetita.
959 2239 1062 2277 Nam
1089 2240 1259 2277 vinctum
1285 2239 1495 2278 Herculem
1521 2241 1558 2278 in
1581 2241 1659 2279 An-

154 2305 365 2355 dromedae
383 2304 489 2343 ·1oco
525 2305 798 2354 componendo
833 2309 971 2353 poetae
1007 2304 1155 2352 tragico
1187 2309 1275 2340 ante
1302 2303 1437 2341 oculos
1463 2310 1659 2341 versatum

257 2427 283 2466 1)
303 2428 412 2457 Nauck
432 2428 540 2466 fragm.
567 2434 633 2465 125.

255 2479 281 2519 Β)
301 2481 411 2510 Nauck
433 2481 540 2519 fragm.
566 2488 634 2517 124.
668 2513 670 2515 ,

255 2532 282 2572 ¹³)
302 2534 412 2563 Nauck
434 2533 541 2572 fragm.
567 2541 634 2571 123.

254 2585 280 2625 ⁴)
300 2586 410 2616 Nauck
430 2586 536 2625 fragm.
561 2593 628 2624 125.

74 2641 158 2670 νά.
254 2639 280 2678 ⁶)
299 2640 381 2670 Ovid
402 2640 526 2669 Metam.
548 2639 591 2668 IV
614 2639 683 2678 675.
