1826 3088
764 297 1018 334 ,52-

137 390 239 426 haud
269 389 392 425 minus
431 388 579 436 inepte,
618 400 735 436 quam
770 388 807 424 in
831 389 990 437 vulgata
1016 389 1281 426 distributione
1308 388 1443 425 mulier
1460 389 1508 424 A
1533 387 1642 424 inter-

139 464 275 499 rogare
303 451 414 495 solet,
443 451 727 489 Mnesilochum
753 450 841 488 facit
869 457 1117 501 quaerentem
1141 450 1182 489 τί
1206 451 1274 501 τῆς
1297 447 1442 500 ἱερείας
1459 448 1643 499 γίγνεται.

136 514 315 550 Praetera
342 514 466 550 Beerii
501 515 691 551 sententia
727 515 855 551 nititur
891 517 1090 564 opinione,
1132 514 1330 552 mulierem
1358 516 1395 551 Γ
1415 526 1499 551 esse
1526 512 1644 550 Thes-

138 576 418 625 mophororum
459 577 721 621 sacerdotem,
762 589 879 624 quam
920 578 1056 615 falsam
1093 590 1177 614 esse
1218 589 1333 625 supra
1372 576 1645 615 demonstravi.

139 640 308 688 Blaydes
336 640 502 688 denique
538 641 586 678 de
614 640 910 689 interpolatione
937 642 1083 690 cogitat
1108 641 1169 678 vel
1197 640 1378 689 quoniam
1405 639 1526 677 altera
1553 651 1643 688 quo-

139 716 214 751 que
242 704 338 740 ratio
365 705 526 741 sanandi
554 705 588 741 ei
615 716 769 752 semper
795 710 951 755 praesto
971 711 1040 749 est,
1069 706 1117 741 de
1139 716 1318 741 versuum
1336 703 1643 751 transpositione.

138 767 306 804 Facilius
333 767 472 815 opinor
499 780 560 804 res
588 767 760 815 expediri
787 772 928 814 potest.
974 767 1075 804 Nihil
1103 767 1205 804 aliud
1231 766 1547 804 commutandum
1574 772 1643 810 est,

139 830 208 866 nisi
237 835 279 866 ut
306 842 449 866 novam
478 829 678 866 mulierem
696 832 733 867 B
762 830 893 878 (vulgo
916 833 965 878 Γ)
992 830 1109 878 paulo
1137 831 1398 878 prius,›quam
1425 830 1506 867 fieri
1533 830 1643 874 solet,

137 893 363 930 inducamus
397 893 508 940 eique
544 892 757 930 tribuamus
797 893 961 930 molesta
987 893 1105 930 verba
1131 892 1171 931 τί
1196 895 1264 943 τῆς
1291 891 1434 943 ἱερείας
1459 891 1645 943 γίγνεται.

83 995 88 1001 ,
139 956 228 1003 Qua
254 954 328 992 levi
356 957 570 992 mutatione
598 968 697 1003 quae
725 956 804 992 fere
831 956 934 993 nulla
953 962 1011 993 est
1029 955 1191 993 efficitur
1209 958 1479 993 ut·sententiae
1499 957 1644 1005 optime

137 1019 361 1067 procedant.
410 1018 673 1055 Mnesilochus
700 1031 787 1055 cum
816 1024 940 1058 utrem
967 1018 1145 1055 exhausit
1167 1018 1309 1067 pellem
1335 1031 1498 1056 vacuam
1524 1019 1646 1055 suble-

137 1094 234 1119 vans
270 1082 378 1118 dicit:
425 1081 542 1118 »haec
577 1081 688 1130 pellis
723 1082 932 1118 sacerdotis
960 1087 1054 1118 est«.
1088 1081 1212 1118 'Tum
1248 1094 1349 1118 nova
1375 1081 1510 1118 mulier
1535 1081 1645 1133 adve-

137 1147 244 1183 niens
280 1146 486 1194 postremis
520 1144 646 1182 solum
681 1144 805 1181 affinis
824 1140 967 1182 'verbis
992 1145 1148 1188 auditis,
1185 1144 1302 1192 ipsius
1328 1156 1420 1181 vero
1447 1145 1501 1181 rei
1527 1144 1643 1182 inscia

138 1211 367 1255 interrogat:
411 1209 523 1256 »quid
557 1208 767 1261 sacerdotis
800 1208 909 1245 est«?
967 1208 1178 1252 ›Haecce«‚
1216 1209 1336 1256 inquit
1371 1207 1641 1252 Mnesilochus,

142 1273 332 1320 »accipe«,
368 1271 587 1322 pellemque
624 1272 658 1308 ei
695 1271 822 1309 obicit.
876 1272 979 1309 Tum
1013 1284 1106 1308 vero
1139 1272 1202 1308 illa
1228 1271 1370 1319 pellem
1398 1277 1440 1308 ut
1466 1271 1645 1320 reliquias

136 1335 288 1372 infantis
316 1335 441 1371 Micae
468 1347 684 1383 agnoscens
710 1341 872 1372 matrem
901 1335 1078 1372 orbatam
1105 1334 1307 1383 deplorare
1334 1335 1483 1383 incipit:

414 1406 635 1459 ταλαντάτη
662 1407 781 1447 Mina
807 1406 867 1455 τίς
895 1405 1100 1458 ἐξεκόρησέ
1127 1419 1171 1446 σε
1196 1408 1279 1446 κτλ.
1306 1428 1354 1435 -

237 1531 365 1568 Valde
410 1532 508 1568 inter
551 1543 594 1568 se
638 1531 865 1568 dissentiunt
910 1532 1136 1579 interpretes
1176 1531 1644 1580 Thesmophoriazuarum

135 1600 377 1643 quaerentes,
406 1606 578 1641 quonam
606 1600 782 1642 tempore
809 1595 1013 1642 Euripides
1040 1595 1112 1631 sub
1140 1594 1256 1631 finem
1284 1595 1508 1631 comoediae
1535 1594 1644 1631 lenae

135 1669 344 1706 personam
378 1658 596 1706 sumpserit.
651 1657 855 1705 Berglerus
893 1659 943 1694 ad
979 1671 1019 1694 v.·
1049 1668 1143 1705 1172
1171 1658 1331 1695 adnotat
1357 1657 1643 1706 scholiastaml)

135 1727 306 1757 secutus:
352 1721 625 1757 »introducitur
651 1720 712 1756 hic
739 1720 943 1768 Euripides
969 1727 1170 1769 tamquam
1198 1721 1326 1758 vetula
1352 1734 1398 1758 ac
1425 1721 1511 1758 lena
1538 1727 1579 1758 ut
1607 1721 1644 1757 in

135 1778 385 1832 sequentibus
413 1788 556 1832 patet«.
602 1782 803 1831 Improbat
830 1783 934 1820 illam
963 1784 1183 1832 opinionem
1202 1783 1398 1820 Fritzsche
1426 1796 1513 1820 cum
1541 1784 1643 1820 dicat

140 1847 386 1895 »Euripidem
420 1848 458 1883 in
493 1846 645 1895 pulpito
680 1852 761 1883 tarn
797 1847 925 1884 subito
961 1853 1109 1884 vestem
1145 1853 1293 1884 mutare
1321 1859 1397 1884 non
1424 1847 1643 1895 potuisse«;

136 1911 243 1959 quod
270 1915 400 1946 autem
427 1910 510 1958 ipse
535 1910 723 1957 tragicum
752 1910 827 1946 iam
854 1922 889 1947 v.
918 1910 1014 1946 1160
1035 1911 1143 1947 lenae
1162 1922 1256 1947 anus
1275 1910 1407 1947 habitu
1430 1910 1466 1946 in
1486 1923 1642 1947 scenam

135 1974 311 2022 prodisse
339 1973 482 2017 statuit,
511 1973 591 2009 iure
617 1972 792 2020 displicet
809 1973 966 2021 Engero
998 1975 1125 2022 »quod
1151 1974 1353 2022 Euripides
1375 1967 1414 2010 'v.
1441 1974 1537 2011 1160
1555 1986 1640 2023 sqq.

135 2036 295 2074 feminas
322 2049 394 2073 suo
421 2036 576 2072 nomine
603 2035 845 2083 alloquitur«.
893 2035 971 2072 Sed
987 2036 1119 2084 Enger
1137 2048 1293 2084 quoque
1311 2037 1420 2073 sicuti
1440 2037 1645 2085 Berglerus

134 2101 169 2137 in
189 2100 418 2137 scholiastae
438 2099 687 2136 adnotatione
698 2099 726 2147 ¹)
747 2099 965 2148 acquiescit,
986 2111 1102 2146 quarn
1115 2111 1343 2148 ‚perversam
1362 2112 1447 2137 esse
1465 2107 1638 2149 apparet,

134 2176 222 2200 cum
242 2163 445 2211 Euripides
473 2164 588 2200 etiam
619 2163 735 2199 verba
763 2159 856 2210 ἐμὸν
883 2158 994 2212 ἔργον
1016 2160 1121 2202 ἐστίν
1144 2176 1215 2201 suo
1236 2164 1390 2200 nomine
1410 2165 1643 2212 pronuntiet.

132 2227 317 2275 Indignae
345 2232 433 2263 sunt
461 2238 560 2275 quae
587 2224 831 2262 confutentur
849 2225 980 2262 Vossii
1007 2227 1182 2274 ineptiae,
1211 2228 1275 2275 qui
1303 2227 1529 2274 Euripidem
1556 2234 1646 2275 post

132 2304 166 2328 v.
203 2300 293 2337 1171
326 2290 431 2327 abire
459 2296 499 2327 et
525 2290 663 2326 deinde
691 2302 778 2325 cum
801 2289 969 2336 Elaphio
996 2296 1034 2326 et
1054 2289 1258 2327 Teredone
1286 2290 1408 2327 redire
1435 2290 1640 2328 existimat.

131 2355 298 2402 Blaydes
326 2354 491 2401 denique
527 2354 564 2390 in
592 2353 685 2390 locis
712 2353 886 2389 dilucidis
912 2353 1214 2398 verbosissimus,
1252 2355 1350 2391 hanc
1377 2353 1642 2391 difficultatem

132 2418 284 2454 silentio
311 2417 593 2465 praetermittit.
1160 2412 1162 2414 ’

235 2480 369 2517 Alium
396 2480 511 2527 igitur
538 2480 667 2516 locum
695 2479 970 2527 investigemus
997 2492 1075 2527 quo
1102 2480 1272 2529 Euripidi
1297 2481 1407 2518 lenae
1433 2492 1639 2528 personam

131 2556 286 2580 sumere
323 2543 437 2579 liceat
472 2540 718 2590 primumque
758 2543 956 2579 videamus
992 2555 1070 2591 quo
1097 2550 1273 2591 tempore
1300 2544 1644 2581 commutationem

236 2678 262 2717 ¹)
283 2678 377 2708 schol.
404 2684 481 2714 1172
498 2676 686 2718 Εὐριπίδης
707 2676 744 2707 ἐν
766 2674 913 2719 σχήματι
936 2680 1138 2718 προαγωγοῦ
1161 2674 1274 2719 γραός.
