1826 3088
771 244 1017 280 „31-

144 350 175 373 τι
229 331 349 383 σεμνὰ
384 332 497 386 ὄργια
535 336 936 384 commemorantur1),
980 336 1156 373 ieiunium
1192 341 1231 373 et
1267 336 1450 373 iustitium
1486 335 1551 373 illo
1579 336 1640 372 die

145 400 256 435 tuisse
291 399 548 447 comperimus
560 399 609 447 ²);
645 410 799 446 semper
835 411 914 435 vox
940 395 1091 437 ἀνιέναι
1116 404 1319 447 usurpatur
1345 400 1392 436 de
1416 400 1471 436 eis
1499 399 1563 446 qui
1590 399 1639 435 ad

146 462 331 511 templum
350 461 546 510 adeunt³);
566 462 741 499 audimus
761 460 936 499 mulieres
955 458 1098 512 σκηνὰς
1116 467 1274 509 propter
1293 463 1428 499 aedem
1447 462 1636 507 habuisse,

144 526 180 561 in
221 525 357 573 quibus
396 525 508 561 binae
546 537 621 561 una
659 524 960 572 versabantur4).
1024 523 1264 572 Compluries
1298 526 1375 562 τῶν
1410 523 1640 576 ἁπορῤήιων

144 589 287 625 mentio
314 588 367 631 fit,
395 588 463 624 sed
491 588 573 635 ipsa
600 599 738 624 arcana
765 598 843 623 non
860 588 1072 635 produntur
1093 587 1141 624 ab
1161 587 1431 635 Aristophane,
1461 588 1638 624 nimirum

143 652 248 699 quod
289 651 323 688 ei
358 651 489 699 ignota
517 655 615 695 sunt.
670 649 819 686 Tamen
847 662 961 686 unum
990 649 1117 686 locum
1144 650 1255 686 liceat
1281 651 1446 687 indicare
1482 663 1560 698 quo
1587 663 1638 687 ex

142 716 225 763 ipsa
251 715 323 751 ista
350 713 622 751 molestissima
648 725 688 750 re
715 712 850 750 callide
877 712 1039 750 fructum
1064 713 1255 750 comicum
1281 715 1435 763 ceperit.
1479 714 1636 751 Thesm.

140 779 216 814 626
243 790 328 824 sqq.
358 777 491 812 mulier
517 779 564 812 A
591 776 871 812 Mnesilochum
897 777 952 827 *de
989 776 1237 813 sollemnibus
1264 779 1523 814 antecedentis
1550 780 1637 815 anni

142 845 322 888 rogatura
350 851 491 887 magna
518 851 606 875 cum
633 838 827 887 diligentia
854 836 1087 875 Clisthenem
1117 839 1322 876 abscedere
1349 840 1463 885 iubet,
1493 842 1636 890 quippe

141 904 201 940 cui
236 908 278 939 ut
313 903 395 938 viro
431 914 507 938 non
535 902 721 939 liceatde
748 901 893 938 arcanis
920 901 1124 949 quicquam
1151 903 1334 950 accipere.
1390 902 1636 951 Spectatores

142 966 294 1003 auribus
320 965 456 1001 erectis
475 965 709 1013 curiosisque
731 977 772 1002 se
791 966 919 1002 statim
938 964 1027 1001 novi
1045 964 1186 1012 aliquid
1204 966 1253 1002 de
1271 967 1416 1003 arcanis
1437 967 1637 1004 mulierum

141 1030 337 1066 audituros
364 1040 448 1064 esse
476 1033 633 1076 sperant
658 1050 707 1055 ——
732 1034 770 1065 et
796 1028 930 1064 misere
958 1027 1137 1074 falluntur
1163 1040 1250 1064 cum
1280 1041 1351 1076 pro
1378 1031 1476 1067 veris
1501 1030 1637 1068 Mnesi-

141 1092 242 1129 lochi
270 1104 390 1138 nugas
417 1091 665 1138 comperiant.
719 1091 819 1127 Nam
847 1103 970 1138 nugae
995 1096 1082 1127 sunt
1109 1103 1207 1138 quae
1235 1091 1296 1128 ille
1323 1092 1469 1129 mulieri
1497 1094 1637 1130 exami-

141 1155 244 1192 nanti
271 1154 489 1203 respondet.
536 1153 731 1190 Immerito
757 1165 828 1202 pro
856 1153 952 1190 veris
980 1165 1025 1189 ea
1042 1154 1200 1201 *accepit
1219 1154 1395 1191 Zielinski
1406 1155 1447 1203 5),
1477 1156 1541 1203 qui
1563 1156 1638 1193 hoc

141 1218 228 1255 loco
268 1217 468 1254 sollemnia
504 1216 756 1265 Calligeniae,
798 1217 896 1252 tertii
934 1216 1331 1264 Thesmophoriorum
1366 1219 1438 1255 diei
1475 1220 1637 1257 describi

142 1280 365 1328 suspicatur.
418 1280 567 1316 Tamen
584 1288 586 1291 '
603 1291 679 1315 non
707 1283 766 1314 est
793 1279 860 1314 nisi
887 1279 1101 1314 communis
1128 1291 1251 1326 eaque
1277 1280 1443 1327 maligna
1470 1271 1637 1317 virorum

140 1343 435 1380 Atheniensium
470 1343 599 1392 opinio
630 1343 684 1381 de
715 1341 914 1378 mulierum
949 1342 1114 1385 arcanis,
1159 1354 1257 1390 quae
1284 1356 1415 1381 revera
1442 1344 1496 1381 eis
1523 1344 1637 1393 plane

140 1407 273 1455 ignota
299 1413 406 1444 erant
416 1408 457 1455 6).
1326 1445 1329 1448 ⁴

142 1474 145 1476 '
242 1469 320 1507 Sed
345 1476 515 1507 revertor
541 1482 588 1506 eo
615 1469 715 1506 unde
742 1470 932 1516 digressus
959 1481 1055 1505 sum.
1113 1468 1177 1505 Ad
1205 1469 1391 1506 contionis
1415 1471 1528 1518 igitur
1554 1483 1634 1519 spe-

138 1532 235 1569 ciem
263 1533 391 1570 omnia
416 1532 697 1569 accuratissime
722 1532 1014 1568 accommodata
1040 1537 1148 1575 sunt;
1177 1533 1225 1568 de
1243 1534 1422 1573 contione
1438 1534 1499 1580 agi
1514 1540 1636 1581 ¹poeta

138 1596 346 1633 identidem
374 1596 513 1633 indicat
526 1608 531 1633 z

240 1723 265 1761 ¹)
286 1724 408 1753 Thesm.
430 1723 500 1760 948.

240 1775 267 1815 ²)
287 1777 411 1806 Thesm·
433 1784 504 1813 949,
529 1775 599 1813 983,
625 1781 699 1813 570;
725 1775 763 1812 78
785 1785 851 1814 sqq·

241 1828 266 1867 ³)
286 1830 415 1859 Thesm.·
433 1830 503 1866 281,
531 1828 600 1867 585,
624 1828 695 1866 623,
721 1829 790 1868 893.

240 1882 267 1920 ⁴)
287 1883 409 1911 Thesm.
432 1883 500 1919 624.

240 1934 265 1973 ¹⁵)
285 1935 347 1965 Die
371 1935 556 1972 Gliederung
578 1935 630 1963 der
650 1934 838 1963 altattisclzen
862 1934 1019 1968 Komiidie,
1044 1934 1166 1972 Leipzig
1192 1935 1277 1970 1885
1298 1944 1322 1964 s.
1345 1943 1415 1965 lot.

241 1986 267 2025 θ)
290 1988 465 2026 Comparari
494 1992 594 2025 potest
619 1988 778 2016 mulierum
806 1988 843 2016 de
867 1987 996 2015 virorum
1024 1988 1166 2015 contione
1194 1987 1325 2025 suspicio
1347 1988 1430 2016 haud
1452 1989 1551 2017 minus
1572 1998 1637 2026 per·

142 2049 227 2070 versa
248 2046 338 2079 atque
359 2040 486 2070 ridicula
507 2039 589 2069 Eccl.
615 2046 671 2076 132
693 2049 775 2078 sqq.:

669 2092 739 2125 εἶτα
761 2094 843 2136 πρὶν
865 2094 955 2124 πιεῖν
978 2093 1079 2133 λέγως

445 2166 486 2170 -
510 2147 587 2178 ἰδοὺ
610 2150 708 2178 πιεῖν.

668 2217 708 2221 --
729 2202 764 2230 τί
784 2196 847 2242 γὰρ
869 2190 894 2228 ὦ
915 2196 993 2240 μέλ’
1016 2197 1297 2242 ἐστεφανωσάμην
1305 2213 1315 2237 ,-

443 2310 478 2338 τί
497 2304 557 2343 «5²,-
578 2304 617 2337 οὐ
639 2309 778 2337 πίνουσι
797 2301 860 2337 κᾶν
882 2302 1079 2346 τήκκλησίᾳ;

445 2377 483 2381 ——
507 2357 583 2391 ἰδού
605 2361 648 2400 γέ
666 2366 719 2390 σοι
740 2362 893 2390 πίνουσι·

667 2431 706 2435 —-
727 2409 766 2450 νὴ
788 2409 847 2450 τὴν
862 2409 1011 2453 ’Ἄρτεμιν

444 2468 498 2497 καὶ
521 2469 624 2497 ταῦτα
647 2463 683 2508 γ’
708 2465 847 2506 εὔζωρον
901 2487 1265 2496 ........
1307 2478 1315 2496 ·.

444 2574 501 2603 καὶ
524 2572 758 2615 λοιδοροῦνταί
778 2571 813 2613 γ’
838 2569 949 2614 ὥσπερ
971 2572 1206 2611 ἐμπεπωκότες

446 2629 502 2657 καὶ
524 2624 584 2657 τὸν
607 2624 828 2668 παροινοῦντ’
853 2624 1029 2668 ἔκφέρουσ’
1055 2627 1088 2658 οἱ
1108 2623 1249 2663 τοξόται.
