1826 3088
764 265 1015 303 ,54-

136 364 266 396 autem
303 359 434 395 docuit
460 358 745 406 Aristophanes
780 358 969 406 priorem,
1006 359 1101 402 haec
1137 370 1214 394 non
1247 362 1307 393 est
1340 358 1410 394 nisi
1443 357 1645 394 comoedia

136 422 301 470 genuina
329 422 459 457 nescio
488 433 576 470 qua
591 422 639 458 de
666 433 780 457 causa
807 426 1013 458 retractata
1040 427 1079 458 et
1106 420 1205 457 male
1231 426 1446 457 retractata.
1477 443 1523 448 —

238 484 347 521 Haec
385 496 487 521 nova
523 485 712 521 sententia
747 484 910 521 debetur
945 485 998 522 eis
1034 496 1134 534 quae
1166 483 1344 520 Zielinski
1355 483 1385 531 ¹)
1425 484 1473 520 de
1503 483 1642 520 veteris

135 548 363 585 comoediae
394 560 564 595 »agone«
596 559 713 595 quem
740 553 854 584 vocat
865 548 896 595 2)
923 549 1136 596 repperisse
1161 548 1232 584 sibi
1258 548 1417 584 videtur.
1462 547 1646 584 Libenter

136 609 326 647 confiteor
344 610 591 661 Zielinskium
618 611 709 647 mihi
737 610 893 658 quidem
918 611 1038 662 multa
1061 611 1247 659 probasse
1268 622 1392 657 neque
1410 622 1645 658 quemquam

137 679 368 721 negaturum
404 685 490 710 esse
517 673 700 717 arbitror,
736 673 1041 721 Aristophanem
1069 686 1202 710 revera
1228 674 1265 710 in
1292 662 1482 710 nonnullis
1508 672 1644 710 fabulis

138 737 332 782 quandam
360 737 546 773 dramatis
571 742 723 784 partem
751 736 800 772 ad
827 741 952 773 certas
978 736 1131 784 regulas
1158 735 1431 774 conformasse.
1479 736 1644 773 Temere

136 805 267 835 autem
303 799 423 835 homo
457 799 596 835 doctus
620 811 668 835 ea
695 810 794 846 quae
822 799 859 834 in
885 805 996 847 parte
1021 798 1236 836 fabularum
1261 801 1353 836 satis
1380 800 1580 847 diligenter
1607 804 1646 835 et

137 868 241 899 recte
276 862 389 905 vidit,
427 861 607 898 omnibus
641 861 852 898 comoediis
886 862 995 909 quasi
1022 874 1268 899 communem
1297 868 1335 899 et
1361 867 1645 899 sacrosanctam

136 926 265 974 legem
293 920 448 962 statuit.
503 925 653 962 Fabula
688 929 884 972 superstes
919 931 1185 976 caret-agone
1212 926 1393 962 absoluto
1420 931 1536 972 atque
1564 937 1645 973 per-

137 989 259 1032 fecto,
298 1001 415 1036 quem
444 988 625 1025 Zielinski
662 989 699 1025 in
726 1000 879 1037 quaque
903 989 1175 1037 Aristophanis
1202 989 1404 1026 comoedia
1429 993 1496 1025 aut
1522 988 1645 1025 inesse

137 1058 203 1088 aut
230 1051 438 1099 aliquando
466 1051 581 1088 fuisse
609 1052 706 1088 vult:
736 1064 830 1099 ergo
857 1052 1033 1088 mutilata
1058 1058 1118 1088 est
1144 1057 1184 1088 et
1209 1057 1426 1088 retractata.

238 1114 329 1151 Non
356 1114 520 1151 multum
547 1126 768 1151 curaremus
793 1113 912 1150 talem
939 1115 1170 1162 opinionem,
1200 1115 1269 1151 nisi
1287 1113 1463 1150 Zielinski
1489 1120 1531 1150 ut
1557 1125 1645 1149 eam

139 1178 432 1227 comprobaret,
470 1178 507 1214 in
541 1178 746 1225 superstite
782 1178 985 1214 comoedia
1020 1178 1207 1225 quasdam
1239 1188 1438 1214 occurrere
1464 1187 1524 1214 res
1549 1175 1645 1212 affir-

139 1246 302 1285 masset,
341 1252 442 1288 quae
479 1253 567 1276 cum
600 1241 698 1276 inter
733 1252 776 1276 se
810 1246 1027 1288 pugnarent
1062 1252 1188 1288 neque
1215 1240 1294 1278 ullo
1322 1240 1440 1278 modo
1466 1239 1645 1286 coniungi

138 1309 317 1352 possent,
355 1303 458 1340 clare
482 1303 906 1351 Thesmophoriazusas
942 1308 1186 1340 retractatam
1213 1315 1299 1340 esse
1326 1303 1644 1340 demonstrarent.

138 1366 205 1402 Ab
239 1366 298 1402 his
324 1366 544 1413 criminibus
571 1365 741 1402 fabulam
768 1365 976 1402 defendere
1000 1366 1189 1402 conabor:
1226 1366 1373 1402 videbis
1401 1365 1645 1402 Zielinskium

138 1430 250 1467 nimis
276 1428 439 1465 libenter
462 1427 679 1472 offendisse,
709 1428 886 1464 nimirum
910 1428 999 1475 quia
1017 1428 1220 1465 comoedia
1239 1440 1481 1477 quacumque
1500 1428 1646 1464 ratione

139 1495 189 1530 ad
217 1494 438 1541 opinionem
466 1492 546 1529 eius
573 1491 802 1528 firmandam
829 1491 866 1528 in
882 1491 1152 1542 'suspicionem
1178 1492 1354 1529 vocanda
1378 1497 1471 1529 erat.

248 1556 356 1595 »Der
381 1555 547 1591 mz'ttlere
572 1554 609 1590 T
603 1566 660 1602 ag
682 1554 756 1590 der
778 1554 1140 1602 Thesmophorien«,
1168 1555 1290 1601 inquit
1316 1555 1436 1591 homo
1454 1555 1591 1590 doctus
1601 1554 1644 1599 ⁸),

145 1633 255 1657 »war
278 1618 386 1656 nicht
410 1618 509 1665 bloss
524 1618 606 1665 fiir
629 1617 690 1654 die
706 1616 931 1663 Menschen,
957 1618 1124 1655 sondern
1142 1620 1239 1654 auch
1255 1619 1337 1665 fiir
1352 1618 1415 1654 die
1438 1616 1569 1653 thter
1584 1616 1645 1652 ein

148 1682 235 1731 Tag
268 1682 340 1718 der
372 1680 522 1718 Trauer
555 1680 639 1716 und
669 1680 737 1716 des
764 1680 942 1716 Fastens.
995 1680 1054 1717 Es
1080 1683 1241 1717 wurden
1269 1681 1378 1717 kezne
1408 1679 1530 1731 Opfer
1553 1680 1644 1716 dar·
1657 1718 1667 1729 .

131 1745 346 1794 gebracht;
383 1745 466 1781 dies
495 1743 595 1792 geht
628 1743 735 1780 nzclzt
767 1743 866 1791 bloss
901 1756 974 1780 aus
1010 1744 1081 1781 der
1119 1743 1512 1793 Gegem'c'berstellung
1546 1742 1645 1779 bez'm

137 1808 382 1845 Scholzasten
421 1809 486 1855 (zu
532 1806 624 1843 Vers
647 1806 758 1853 376)
784 1806 927 1843 lter-vor
960 1807 1006 1857 τῇ
1042 1807 1142 1856 μέσῃ
1181 1808 1256 1844 τῶν
1298 1805 1581 1857 Θεσμοφορίων
1616 1794 1679 1855 215>

137 1866 300 1919 μάλιστ’
332 1864 428 1920 ἡμῖν
462 1867 603 1919 σχολή·
637 1867 678 1907 ἐν
711 1866 784 1919 γὰρ
811 1871 901 1915 ταῖς
927 1863 1068 1915 ἄλλαις
1093 1865 1257 1919 ‘iue'qatg
1282 1869 1376 1919 περὶ
1401 1865 1470 1915 τὰς
1495 1866 1643 1913 θυσίας

139 1932 326 1984 γίνονται,
354 1933 521 1974 sondern
549 1931 645 1969 noclz
671 1932 752 1969 viel
772 1932 1025 1980 zwingender
1040 1944 1114 1968 aus
1132 1933 1205 1969 den
1235 1925 1385 1969 Wo‘rten
1407 1932 1475 1968 des
1492 1931 1644 1968 Aresto-

128 1998 285 2046 phanes
312 1996 457 2041 selbst,·
495 1995 617 2068 nge‘l
638 2006 731 2045 1519
759 2001 852 2044 sagt
875 1995 1146 2033 Prometheus:

454 2050 545 2096 ἀλλ
574 2053 748 2108 ὡσπερεὶ
779 2056 1070 2108 Θεσμοφορίοις
1095 2055 1325 2107 νηστεύομεν

453 2117 543 2160 ἄνευ
570 2121 741 2171 θυηλῶν.

136 2187 198 2224 Im
222 2185 479 2235 allgememen
498 2185 608 2221 wz'rd
621 2185 727 2221 dz'ese
743 2184 1019 2232 Bestzmmung
1032 2184 1132 2220 auclz
1150 2197 1190 2220 m
1210 2197 1373 2220 unserer
1394 2182 1596 2219 »Nestezas
1610 2181 1644 2229 4)

137 2254 439 2298 vorausgesetzt.
468 2270 519 2275 —
545 2270 596 2274 —
623 2250 717 2284 Nun
742 2247 837 2284 aber
860 2253 954 2295 sagt
967 2245 1233 2284 Mneszlocltus
1260 2247 1311 2296 (v.
1331 2246 1425 2295 284)
1447 2258 1496 2283 zu
1515 2257 1644 2282 semer

136 2312 377 2362 Begleiterin
388 2324 400 2348 .·

241 2437 266 2476 ¹)
288 2438 308 2468 1.
330 2448 357 2468 a.
383 2442 532 2474 10—125.

239 2490 267 2529 ¹¹)
287 2491 429 2520 Ceterum
462 2489 600 2518 conferas
631 2488 766 2517 eiusdem
800 2488 900 2517 »Eine
927 2486 1051 2525 Reform
1080 2488 1130 2517 des
1160 2488 1393 2526 Aristophanes«
1423 2486 1532 2517 philol.
1561 2485 1644 2514 lIIL

131 2549 165 2583 p.
186 2544 226 2580 67
248 2544 320 2572 adn.
344 2542 374 2571 6.

240 2595 265 2634 ³)
285 2596 320 2626 81
347 2605 393 2634 sq.

237 2648 264 2687 ⁴)
283 2662 325 2673 =
345 2649 470 2678 Thesm.
485 2659 516 2678 α.
