1826 3088
773 240 1024 277 „13-

144 335 271 368 utrum
295 330 405 368 Echo
431 333 469 369 in
495 344 611 370 scena
636 332 857 381 apparuerit
883 343 1015 370 necne.
1068 332 1312 381 Beer1)·pr0
1340 338 1447 384 certo
1474 331 1653 375 affirmat,

144 393 255 431 Echo
288 394 392 443 apud
418 394 720 445 Aristophanem
754 395 793 432 in
828 394 985 432 sc'enam
1020 406 1097 431 non
1132 395 1306 443 prodire;
1346 395 1523 433 Ribbeck
1538 395 1566 444 ²)
1605 396 1653 432 ad

144 470 180 495 v.
214 457 312 505 1056
345 458 525 498 adnotat:
576 457 709 502 »Jetzt
740 457 900 508 beginnt
918 456 1129 506 Euripides
1165 458 1269 496 scine
1284 458 1402 496 Rolle
1428 458 1560 496 lzz‘nter
1584 459 1657 496 der

147 520 302 558 Scene«.
347 521 498 560 Tamen
524 522 603 560 sive
630 522 667 559 in
693 521 893 571 tragoedia
910 521 1020 559 Echo
1047 533 1071 558 a
1098 522 1379 571 spectatoribus
1401 527 1653 571 conspectam

146 595 230 621 esse
263 584 342 622 sive
369 597 447 622 non
473 574 724 634 conspectam
751 596 836 621 esse
861 590 1052 633 putamus,
1081 584 1250 621 comicus
1277 591 1381 622 certe
1408 585 1653 622 occasionem

149 647 237 684 novi
264 647 405 685 inventi
423 648 618 697 Euripidei
643 647 757 685 valde
783 646 1061 696 perstringendi
1089 659 1166 684 non
1193 648 1468 696 praetermisit;
1498 649 1529 685 is
1548 654 1652 686 certe

146 710 256 748 Echo
292 711 544 759 Euripideam
583 711 736 748 theatro
776 710 950 747 ostendit·
983 722 1107 758 neque
1147 715 1189 747 ut
1226 716 1398 748 teneram
1436 712 1652 760 nympham

146 779 264 822 atque
298 779 502 811 venustam
535 774 604 811 sed
640 767 683 812 ut
718 772 910 822 garrulam
937 785 1052 810 anum
1063 773 1106 821 ³).
1160 771 1201 810 Si
1226 773 1336 811 Echo
1363 787 1440 812 non
1466 776 1535 812 nisi
1562 782 1653 824 post

147 846 303 874 scenam
330 837 482 885 egisset,
510 842 668 874 naturae
689 834 918 874 conveniens
944 842 1047 873 esset
1071 841 1113 872 ut
1132 836 1392 874 Mnesilochus
1418 850 1453 875 v.
1477 839 1574 885 1056
1592 850 1650 886 sq.

148 899 399 948 obstupescat
426 900 677 938 admiratione
704 900 808 949 quod
835 899 884 937 ab
910 898 1065 936 homine
1092 911 1208 947 quem
1231 912 1308 937 non
1327 900 1434 938 videt
1452 901 1651 942 salutatur.

147 962 205 1000 At
236 963 364 1011 quiete
390 976 425 1000 v.
457 963 550 1010 1058
584 964 793 1012 respondet
817 962 947 1000 Echus
969 961 1198 999 salutationi.
1242 963 1378 1012 Itaque
1403 966 1651 1002 statuendum

147 1032 206 1063 est
232 1018 457 1075 Euripidem
492 1027 563 1064 sub
590 1026 720 1069 Echus
748 1039 913 1075 persona
945 1026 1159 1063 dormiente
1190 1025 1338 1075 Scytha
1348 1027 1378 1075 4)
1415 1041 1450 1068 v.
1484 1028 1581 1076 1056
1614 1030 1651 1066 in

146 1102 301 1127 scenam
337 1089 528 1139 prodisse,
571 1090 668 1136 1064
701 1102 794 1127 vero
832 1094 1040 1137 postquam
1067 1088 1349 1126 Mnesilochum
1386 1089 1479 1137 quid
1505 1089 1651 1127 faceret

146 1153 278 1191 docuit
294 1154 505 1191 recessisse
536 1159 575 1191 et
601 1152 745 1202 reliqua
770 1157 861 1201 post
886 1163 1041 1189 scenam
1068 1152 1203 1200 egisse.
1238 1174 1284 1180 —

248 1216 350 1254 Satis
385 1223 562 1255 accurate
597 1216 754 1255 definire
787 1227 992 1264 possumus
1023 1227 1121 1263 quae
1149 1215 1432 1264 Aristophanes
1467 1216 1516 1252 ad
1552 1215 1651 1253 hanc

146 1292 302 1318 scenam
329 1281 606 1319 conficiendam
633 1293 654 1318 e
681 1269 880 1328 tragoedia
906 1279 1119 1328 sumpserit.
1170 1278 1259 1315 Non
1284 1284 1372 1316 sunt
1399 1279 1529 1322 multa,
1561 1292 1650 1316 cum

146 1344 222 1379 iarn
257 1356 295 1380 v.
328 1354 420 1392 1073
457 1350 575 1393 poeta
606 1342 887 1380 Mnesilochum
920 1343 1164 1390 impatienter
1199 1344 1422 1380 monodiam
1457 1344 1493 1379 in
1521 1345 1649 1381 medio

146 1405 352 1443 verborum
388 1412 573 1444 contextu
583 1407 612 1455 5)
649 1406 939 1453 abrumpentem
976 1405 1101 1442 faciat.
1152 1404 1262 1452 Quae
1301 1417 1423 1454 usque
1455 1406 1504 1442 ad
1532 1405 1649 1443 finem

146 1481 181 1505 v.
229 1478 323 1516 1097
368 1475 579 1518 sequuntur
622 1468 748 1506 solum
789 1469 837 1505 ad
878 1467 988 1505 Echo
1027 1468 1273 1515 Euripideam
1315 1470 1647 1517 perstringendam

149 1530 414 1581 Scythamque
442 1531 713 1569 ludificandum
741 1531 957 1579 composita
984 1536 1082 1570 sunt.
1127 1530 1222 1567 Prae
1246 1531 1383 1567 ceteris
1409 1532 1543 1579 tragici
1561 1538 1649 1569 sunt

146 1606 207 1631 vv.
241 1595 488 1642 1065--1072
499 1597 530 1643 ⁶)
567 1608 665 1644 quos
700 1595 922 1631 immutatos
958 1606 1009 1630 ex
1044 1592 1297 1630 Andromeda
1333 1595 1370 1631 in
1406 1596 1649 1633 comoediam

147 1657 353 1695 translatos
380 1671 465 1695 esse
488 1658 608 1697 schol.
633 1657 726 1705 1065
748 1663 787 1694 et
810 1665 905 1704 1070
922 1662 1094 1693 testatur.
1133 1656 1196 1693 Ex
1223 1657 1278 1693 eis
1297 1669 1395 1705 quae
1416 1659 1649 1696 antecedunt

148 1733 170 1757 e
208 1721 403 1769 colloquio
442 1720 586 1758 scilicet
620 1720 847 1758 Mnesilochi
887 1725 925 1756 et
960 1720 1151 1769 Euripidis
1193 1720 1461 1767 1056—1064,
1496 1728 1649 1770 praeter

147 1783 266 1820 verba
286 1778 419 1831 Ἠχώ,
453 1779 578 1833 λόγων
611 1777 781 1833 ἂντῳδός
815 1782 977 1819 fortasse
1012 1783 1156 1830 tragica
1192 1788 1252 1819 est
1277 1783 1456 1820 salutatio
1483 1797 1517 1821 v.
1552 1786 1648 1821 1016

145 1841 253 1896 χαῖρ’
285 1838 316 1885 ὦ
341 1845 439 1899 φίλη
465 1847 554 1885 παῖ.
605 1846 650 1883 Id
676 1846 766 1883 inde
792 1845 970 1882 maxime·
987 1845 1147 1893 colligas
1172 1846 1276 1893 quod
1303 1845 1367 1883 illa
1394 1846 1511 1884 verba
1538 1859 1646 1895 paro-

146 1908 232 1945 diae
258 1921 365 1946 more
392 1921 443 1946 ex
470 1910 679 1957 improviso
704 1910 758 1945 eis
786 1921 884 1957 quae
910 1914 1122 1955 sequuntur
1143 1905 1210 1946 τὸν
1237 1907 1281 1946 δὲ
1307 1908 1462 1958 πατέρα
1489 1912 1645 1960 Κηφέα,

146 1963 197 2017 ὃς·
224 1967 262 2010 ‹5'
301 1970 488 2023 ἐξέθηκεν
514 1967 755 2010 ἀπολέσειαν
782 1968 820 2010 οἳ
848 1968 941 2009 θεοί
968 1971 1017 2007 ad
1044 1971 1160 2008 risum
1187 1972 1474 2019 detorquentur.
1532 1971 1646 2010 Certe

145 2033 374 2083 Euripideus
408 2036 558 2072 videtur
592 2047 676 2071 esse
711 2036 911 2083 proximus
946 2046 1078 2070 versus
1110 2035 1225 2080 1058:
1263 2031 1316 2072 ‹ri›
1346 2028 1385 2071 δ’
1415 2028 1450 2072 εἶ
1478 2034 1538 2081 τίς
1562 2031 1647 2082 θ’τις

145 2093 288 2146 τούμὸν
328 2095 497 2149 ᾤκτιρας
535 2095 693 2144 πάθοςς
733 2109 848 2146 quem
884 2091 1028 2134 Barnes
1071 2096 1260 2145 probante
1298 2096 1473 2134 Nauckio
1485 2099 1514 2145 ⁷)
1557 2110 1645 2135 cum

249 2262 274 2298 1)
293 2263 315 2292 1.
341 2272 368 2293 a.
390 2273 420 2302 p.
445 2264 492 2300 78.

248 2315 273 2354 2)
292 2317 425 2346 Acharn.
447 2326 479 2355 p.
504 2325 573 2355 ²9¹·

248 2368 274 2407 ⁸)
294 2370 419 2400 Thesm.
442 2380 469 2400 v.
495 2377 590 2406 1073:
616 2367 753 2404 ἀπολεῖς
773 2365 814 2410 μ’
839 2363 864 2398 ὦ
885 2371 981 2408 γραῦ.

247 2421 274 2461 ⁴)
294 2433 322 2453 v.
350 2422 422 2452 1081
448 2423 571 2452 demum
592 2422 817 2461 expergiscitur.

248 2474 274 2514 ⁵)
294 2476 396 2506 Schol.
422 2483 516 2513 1072:
542 2477 650 2508 λείπει
677 2476 860 2517 »μέλλουσα
882 2477 1022 2516 τυχεῖνσ-

247 2527 274 2566 ⁶)
293 2528 402 2558 Nauck
423 2529 532 2565 fragm.
561 2536 626 2567 114,
653 2535 719 2567 115.

249 2580 274 2621 ⁷)
294 2581 405 2612 Nauck
425 2581 531 2620 fragm.
559 2587 624 2619 127.
