1826 3088
776 251 822 255 -
874 238 921 275 47
980 252 1023 256 -

859 362 926 399 VI.
1246 422 1248 425 Ι

573 428 864 510 ἐεΕΝι-εΑ.
898 444 958 497 -“
990 464 1196 507 VARIA.

248 645 470 695 Ambigitur
505 646 602 683 inter
628 646 768 683 doctos
794 644 988 690 homines,
1027 645 1090 693 qui
1118 646 1165 682 de
1191 646 1328 682 veteris
1354 647 1580 683 comoediae
1605 658 1645 682 re

144 708 294 744 scenica
312 714 483 756 egerunt,
511 713 638 745 utrum
660 708 697 744 in
714 708 1124 756 Thesmophoriazusis
1150 720 1264 744 scena
1282 714 1428 745 mutata
1446 698 1495 745 sit
1513 721 1643 745 necne.

146 770 398 809 Schoenborn
409 772 439 821 ¹)
468 778 507 810 et
523 771 748 820 Droysen‘2)
772 784 808 808 v.
830 779 903 819 279
918 771 980 809 'vel
1000 771 1076 820 276
1101 783 1238 809 scenae
1265 777 1515 821 conspectum
1543 783 1644 808 com-

146 839 335 870 mutatum
361 846 445 872 esse
471 834 675 871 affirmant.
720 834 916 883 Niejahrss)
944 835 1009 883 qui
1036 837 1265 871 contrariam
1291 835 1461 872 defendit
1486 848 1643 872 causam

146 889 270 946 neque
306 898 342 935 in
378 897 456 935 ullo
482 903 664 935 vveterum
701 898 874 935 dramate
909 909 1064 936 scenam
1100 903 1286 935 mutatam
1321 910 1405 935 esse
1446 898 1645 935 contendit

147 972 218 996 suo
254 961 334 997 iure
368 960 611 1013 difficultates
628 954 632 957 ‚
647 966 686 997 et
720 960 799 998 fere
816 961 986 1009 'ineptias
1015 974 1113 1009 quae
1140 974 1191 998 ex
1215 961 1492 998 Schoenbornii
1517 962 1642 1008 Droy-

144 1023 302 1071 senique
312 1023 343 1071 4)
379 1023 548 1060 oriantur
579 1024 806 1060 coniecturis
842 1024 1096 1073 reprehendit.
1160 1023 1277 1072 Quod
1313 1029 1440 1060 autem
1477 1024 1559 1072 ipse
1594 1024 1644 1060 ab

145 1087 250 1122 initio
287 1086 513 1123 comoediae
547 1087 683 1123 aedem
720 1087 1106 1135 Thesmophororum
1131 1093 1180 1124 ‘et
1211 1088 1319 1124 iuxta
1354 1088 1513 1124 domum
1541 1087 1643 1135 Aga-

143 1147 272 1185 thonis
298 1148 335 1184 in
362 1159 477 1185 scena
504 1154 832 1197 repraesentatam
859 1149 972 1186 fuisse
990 1149 1203 1193 arbitratur,
1233 1149 1357 1188 facere
1377 1162 1454 1186 non
1471 1161 1643 1198 possum,

145 1211 235 1260 quin
271 1211 352 1247 eius
376 1223 532 1260 quoque
558 1211 727 1249 incusem
755 1212 951 1250 levitatem
979 1225 1055 1259 qua
1082 1213 1278 1260 antiquam
1305 1213 1354 1249 ad
1388 1225 1423 1250 v.
1453 1221 1525 1259 277
1563 1224 1643 1260 par-

144 1273 397 1323 epigrapham
431 1272 677 1313 ἑκκυκλεῖτᾰι
718 1273 790 1314 ἐπὶ
824 1272 868 1314 τὸ
905 1273 980 1323 ἔξω
1014 1272 1060 1314 τὸ
1094 1272 1365 1327 θεσμοφόρων
1390 1281 1432 1312 ut
1463 1276 1639 1311 »miram«

121 1338 292 1389 abiciat.
337 1338 439 1374 Nam
465 1350 553 1374 cum
579 1339 871 1387 parepigraphis
897 1339 968 1376 illis
995 1351 1178 1387 magnam
1196 1339 1462 1376 auctoritatem
1480 1338 1643 1375 tribuen-

144 1401 234 1437 dam
262 1412 347 1436 esse
375 1389 577 1448 constet5),
605 1404 681 1437 n'on
710 1401 803 1438 illud
828 1402 993 1450 primum
1021 1402 1213 1449 quaeritur
1239 1413 1330 1437 num
1362 1401 1458 1437 ›alio
1486 1413 1642 1449 quoque

144 1463 232 1500 loeo
260 1468 343 1500 tota
369 1462 541 1500 aedificia
567 1463 828 1512 eccyclemate
854 1470 1035 1513 promota
1062 1476 1145 1501 esse
1172 1464 1392 1512 probetur«,
1421 1464 1488 1500 sed
1516 1469 1642 1499 utrum

144 1539 213 1575 per
241 1526 439 1563 machinae
465 1526 633 1564 indolem
660 1526 741 1564 fieri
764 1527 876 1564 liceat
899 1539 1029 1564 necne.
1074 1526 1190 1575 Quod
1207 1539 1295 1563 cum
1314 1527 1442 1575 negari
1466 1531 1641 1573 nequeat,

145 1603 233 1627 meo
274 1591 430 1637 quidem
469 1590 652 1637 arbitratu
694 1596 786 1638 post
819 1603 855 1627 v.
884 1591 958 1637 276
998 1590 1277 1638 simplicissima
1312 1590 1502 1637 quaedam
1539 1589 1642 1625 aedis

143 1652 290 1701 effigies
326 1647 555 1689 adumbrata
582 1675 630 1680 -
658 1665 709 1689 ex
745 1653 903 1701 Hauptii
941 1653 989 1689 de
1025 1653 1337 1690 Acharnensibus
1371 1653 1506 1700 insigni
1541 1663 1642 1688 com-

144 1717 378 1753 mentatione
390 1717 420 1763 6)
443 1727 681 1765 cognoscere
709 1716 808 1765 licet,
837 1728 952 1765 quam
980 1717 1122 1764 exigua
1148 1716 1315 1753 veritatis
1340 1716 1466 1764 specie
1487 1721 1642 1752 vveteres

145 1779 315 1815 contenti
343 1778 481 1815 fuerint
508 1800 556 1805 —
584 1779 846 1826 eccyclemate
873 1785 1059 1827 provecta
1085 1785 1154 1816 est.

244 1842 287 1878 In
316 1835 469 1889 reliquis
498 1841 611 1889 plane
637 1854 726 1878 cum
746 1842 941 1891 Niejahrio
960 1843 1178 1888 consentio;
1206 1841 1464 1879 Mnesilochus
1487 1846 1641 1878 scenam

144 1917 220 1940 non
255 1904 447 1952 relinquit,
485 1906 554 1941 sed
589 1917 677 1941 cum
712 1906 851 1942 eodem
888 1912 1084 1942 remaneat
1110 1906 1197 1942 loco
1225 1910 1461 1954 spectatores
1488 1904 1641 1941 credere

246 2026 270 2064 ¹)
291 2027 352 2055 Die
373 2027 465 2055 Skene
488 2027 540 2055 der
560 2027 715 2062 Hellenen,
741 2028 865 2066 Leipzig
885 2028 971 2063 1858
986 2033 1021 2067 p.
1036 2036 1104 2064 ,5³02
1127 2038 1170 2066 sq.

245 2078 271 2117 2)
290 2080 311 2108 1.
334 2082 369 2108 a.'
385 2089 415 2116 p.
438 2079 486 2115 69.

245 2130 271 2170 3)
293 2131 491 2169 Quaestiones
508 2132 747 2170 Aristophaneae
769 2133 912 2162 scenicae.
935 2134 1007 2162 diss.
1032 2133 1200 2172 GryphiSW.
1226 2127 1301 2168 1877
1323 2142 1352 2170 p.
1376 2140 1415 2169 3²
1437 2141 1481 2169 sq.

246 2183 272 2222 4)
294 2185 438 2221 Thratta,
470 2194 554 2214 serva
584 2185 811 2220 molestissima,
847 2185 984 2215 homines
1015 2187 1120 2215 doctos
1153 2185 1263 2221 movit,
1295 2190 1327 2214 ut
1356 2185 1446 2214 miras
1475 2184 1643 2223 proferrent

146 2239 318 2268 sententias.
365 2238 560 2267 Schoenborn
583 2243 670 2276 putat
686 2238 867 2277 ‚Euripidem
891 2244 920 2267 et
934 2240 1154 2268 Mnesilochum
1180 2240 1210 2267 in
1232 2239 1332 2267 medio
1354 2248 1440 2267 versu
1463 2246 1522 2275 279
1545 2238 1642 2266 abisse

144 2297 235 2330 atque
264 2292 373 2320 deinde
404 2292 501 2321 solum
534 2291 656 2320 affinem
684 2282 753 2320 cum
781 2302 865 2321 serva
893 2292 1094 2330 prodeuntem
1116 2302 1231 2321 versum
1253 2291 1460 2329 complevisse.
1503 2292 1641 2329 Droysen

144 2345 313 2381 arbitratur,
338 2346 484 2383 tragicum
508 2355 576 2373 cum
600 2344 690 2373 affine
713 2355 741 2375 v.
758 2346 817 2381 276
841 2356 959 2374 scenam
983 2346 1149 2384 reliquisse,
1174 2346 1282 2375 deinde
1305 2349 1419 2374 mutata
1440 2354 1528 2373 scena
1551 2345 1641 2373 comi-

145 2402 227 2426 tante
249 2398 375 2427 Thratta
404 2397 509 2426 iterum
539 2398 689 2436 prodisse,
724 2398 854 2436 denique
883 2399 1059 2436 Euripidem
1089 2399 1204 2427 duobus
1232 2399 1365 2426 versibus
1392 2397 1520 2425 recitatis
1541 2398 1642 2425 denuo

144 2451 315 2480 decessisse.

246 2501 271 2540 5)
296 2503 465 2541 Diligenter
493 2504 521 2531 in
552 2512 601 2531 eas
632 2503 787 2540 inquisivit
809 2504 993 2540 Holzinger‚
1030 2498 1106 2532 Uber
1131 2504 1177 2531 die
1199 2502 1443 2539 Parapigrapltae
1466 2512 1503 2529 zu
1525 2502 1642 2530 Aristo-

139 2557 266 2593 phanes,
298 2557 382 2584 Wien
406 2556 501 2591 1883.
680 2569 684 2575 ·

245 2608 272 2647 ⁶)
293 2610 405 2648 Opusc.
429 2610 460 2638 ΙΙ
482 2607 652 2647 458-466.
