1826 3088
794 247 1047 284 „45—

165 342 253 373 sunt
276 337 381 378 adeo
406 337 521 373 inscia
557 342 616 373 est
651 341 693 373 ut
728 348 763 372 v.
793 336 864 383 893
900 328 1070 386 Euripidi
1098 343 1242 381 narret,
1279 336 1560 374 Mnesilochum
1588 334 1660 373 ἐπὶ

163 399 294 452 κλοπῇ
327 400 396 438 τοῦ
430 398 589 450 χρυσίου
625 400 662 436 in
689 399 1039 447 Thesmophorium
1072 400 1220 437 venisse
1249 400 1494 449 Scythaeque
1521 406 1663 448 aequet

163 463 361 508 inscitiam,
381 464 445 511 qui
463 463 564 500 idem
582 475 618 500 v.
639 472 733 499 1112
753 461 907 499 affinem
921 463 1112 511 Euripidis
1132 461 1322 502 >>κλέπτο<<
1344 477 1428 501 esse
1447 463 1661 500 arbitratur.

164 526 290 577 Magis
326 527 439 574 igitur
473 526 723 575 praeferenda
758 526 907 563 videtur
940 526 1037 563 haec
1072 527 1307 571 coniectura,
1348 527 1550 574 Crityllam
1578 539 1663 563 esse

164 588 362 625 mulierem
390 591 435 632 B,
465 589 563 637 quae
590 590 722 636 viginti
749 589 821 625 illis
848 591 998 626 coronis
1026 591 1152 634 nexis,
1190 602 1322 626 revera
1350 590 1553 626 Clisthenis
1580 602 1662 636 par-

163 651 266 688 tibus
301 652 413 694 actis,
456 652 681 688 in'scenam
718 651 839 688 redire
866 651 1028 700 fingitur.
1084 651 1184 688 Sane
1212 652 1492 700 Aristophanes
1520 652 1558 687 id
1585 663 1661 687 non

163 720 295 762 aperte
330 714 547 761 profitetur;
577 711 652 752 *sed
689 727 734 751 ea
770 715 853 762 ipsa
889 716 936 751 de
971 727 1088 751 causa
1124 715 1228 763 quod
1260 715 1424 752 mulieris
1452 716 1662 751 adventum

163 789 198 814 v.
227 785 303 830 75¹9
331 777 441 813 nullis
468 774 629 814 adstruit
654 778 890 825 argumentis
918 801 963 805 -—
993 778 1262 819 tantummodo
1298 790 1366 826 per
1392 778 1588 814 mulierem
1615 779 1663 814 A

164 838 381 890 ἐπειδήπερ
406 835 527 890 πάρει
547 839 752 888 Crityllamv
777 841 911 877 adesse
938 841 1123 877 docemur
1142 863 1191 868 —-
1208 853 1284 877 non
1308 842 1355 877 de
1374 853 1475 877 nova
1494 842 1661 889 quadam

164 915 329 951 persona
356 904 424 940 sed
451 904 499 940 de
528 904 684 951 muliere
711 893 992 952 spectatoribus
1012 903 1110 940 bene
1138 910 1228 941 nota
1256 905 1317 953 agi
1346 904 1541 941 efficimus.

266 966 344 1003 Sed
380 966 471 1013 quid
507 967 653 1013 inquies
689 980 777 1003 cum
815 967 1015 1015 praeconis
1051 966 1110 1002 vel
1144 968 1173 1003 si
1201 968 1321 1003 Beerii
1348 968 1535 1003 sententia
1563 967 1664 1002 valet

164 1030 371 1066 sacerdotis
411 1041 576 1077 persona
616 1025 824 1066 faciamus?
875 1030 978 1065 Num
1020 1030 1081 1065 uni
1118 1031 1178 1066 vel
1213 1030 1404 1077 duobus1)
1439 1029 1663 1077 parachore-

163 1092 326 1139 gematis
354 1092 614 1128 sustinendam
641 1092 861 1128 trademus?
901 1092 1037 1140 Neque
1056 1092 1130 1128 hoc
1149 1104 1272 1140 neque
1292 1093 1384 1128 illud
1403 1092 1494 1128 mihi
1513 1092 1665 1139 placere

164 1154 362 1191 confiteor.
418 1154 458 1191 Si
494 1155 556 1190 uni
592 1154 767 1191 dabimus
802 1154 1007 1201 ampliores
1044 1153 1139 1190 fiunt
1165 1156 1244 1191 eius
1268 1161 1396 1202 partes
1424 1166 1540 1201 quam
1568 1165 1666 1201 quae

164 1213 318 1253 cuilibet
345 1218 443 1254 tradi
471 1218 638 1266 possint3
668 1218 698 1253 si
725 1229 812 1253 cum
832 1217 1003 1253 Velseno
1031 1223 1069 1253 et
1102 1219 1343 1254 sacerdotem
1369 1224 1407 1254 et
1434 1229 1665 1265 praeconem

164 1279 330 1316 adfuisse
364 1281 603 1328 putabimus,
640 1292 822 1315 numerus
857 1280 1269 1328 parachoregematum
1307 1281 1414 1316 nimis
1449 1285 1610 1327 augetur
1622 1279 1662 1325 2).

163 1342 354 1390 Equidem
374 1344 530 1380 omnino
549 1344 598 1379 de
617 1343 983 1390 parachoregemate
1003 1356 1079 1379 non
1097 1344 1263 1391 cogitem
1284 1344 1351 1380 sed
1370 1356 1431 1379 vv.
1452 1352 1620 1390 295——31
1634 1352 1662 1385 1,

165 1414 376 1452 332—351‚
419 1407 618 1453 372—380
654 1418 676 1442 a
713 1405 819 1443 chori
856 1406 952 1443 duce
988 1407 1167 1443 recitatos
1204 1418 1287 1442 esse
1322 1412 1487 1442 statuere
1521 1405 1660 1441 malim.

163 1468 290 1516 Quam
326 1471 554 1506 sententiam
591 1481 689 1517 quae
724 1470 850 1517 primo
883 1470 1038 1517 quidem
1080 1469 1277 1506 oculorum
1314 1470 1450 1505 obtutu
1484 1469 1663 1505 audacior

127 1571 129 1573 ,
162 1533 230 1569 tibi
256 1532 463 1576 videbitur,
498 1534 566 1579 vix
599 1532 768 1580 proferre
796 1533 977 1569 auderem
1006 1533 1074 1568 nisi
1102 1533 1149 1568 de
1176 1532 1662 1580 Thesmophoriazusarum

163 1595 290 1632 fabula
317 1601 505 1643 ageretur.
549 1596 671 1632 Recte
698 1596 746 1632 de
765 1596 844 1632 eius
863 1596 989 1632 indole
1007 1596 1187 1643 Droysen
1197 1596 1248 1643 3):
1282 1596 1505 1632 »Mulierum
1524 1595 1663 1631 chorus

162 1672 249 1696 cum
284 1659 476 1696 actoribus
512 1671 665 1695 causam
703 1671 812 1695 suam
840 1659 1070 1695 coniunctim
1097 1660 1197 1706 agit,
1235 1660 1286 1695 ita
1313 1659 1467 1707 quidem
1495 1664 1537 1694 ut
1564 1670 1663 1704 quae

161 1721 362 1757 histriones
403 1727 520 1768 agant
560 1722 696 1757 eadem
732 1722 871 1757 eodem
907 1727 1080 1767 tempore
1116 1733 1161 1765 ac
1195 1722 1312 1757 modo
1350 1722 1420 1768 ipsi
1454 1720 1661 1757 choreutae

162 1782 312 1821 faciant.
338 1806 387 1811 ——-
415 1784 595 1820 Mulieres
622 1785 682 1830 (A
709 1790 751 1820 et
777 1785 824 1832 B)
853 1796 950 1831 quae
987 1784 1036 1820 ad
1065 1782 1550 1831 Thesmophoriazusarum
1576 1794 1661 1818 con-

162 1851 320 1882 ventum
349 1869 396 1874 —-
421 1848 442 1883 i.
464 1859 495 1883 e.
516 1846 719 1884 choreutas
748 1847 948 1884 mulierum
976 1852 1105 1894 partes
1132 1852 1289 1895 agentes
1307 1868 1358 1873 —
1375 1847 1491 1883 verba
1510 1846 1660 1888 faciunt,

161 1910 266 1957 ipsae
304 1915 391 1945 sunt
425 1906 820 1960 θεσμοφοριάζουσαι
856 1922 925 1947 nec
962 1910 1147 1957 dignitate
1183 1922 1253 1946 nec
1289 1911 1475 1957 sapientia
1502 1910 1573 1946 illis
1601 1922 1662 1946 su-

161 1972 363 2020 periores«
413 1972 456 2008 In
483 1973 555 2009 hac
582 1985 708 2012 rerum
725 1973 967 2021 partiumque
986 1973 1211 2009 condicione
1230 1986 1306 2009 non
1325 1974 1494 2021 iniquum
1513 1973 1662 2010 videtur

161 2034 348 2071 contionis
375 2034 634 2081 gubernacula
661 2036 710 2071 ad
737 2036 843 2072 chori
870 2036 1007 2072 ducem
1033 2034 1171 2071 referre
1181 2035 1223 2081 4).
1270 2035 1393 2071 Immo
1414 2036 1660 2083 perspicuum

265 2200 290 2238 ¹)
310 2201 421 2236 Velsen
443 2211 490 2229 vv.
516 2192 685 2238 2o5—310,
708 2208 867 2239 332—351
895 2202 1057 2237 sacerdoti;
1082 2190 1136 2231 vva
1153 2208 1313 2239 372—379
1335 2199 1475 2238 praeconi
1499 2200 1561 2229 dat.

264 2252 289 2291 Β)
309 2253 544 2291 Aristophanem
565 2262 688 2291 parcum
710 2263 774 2282 esse
797 2254 827 2282 in
849 2254 1100 2291 loquentibus
1121 2254 1409 2292 paraehoregematis
1431 2252 1609 2281 adhibendis
1623 2269 1664 2273 ——

162 2308 279 2338 mutis
308 2306 444 2346 personis
465 2307 640 2336 comoediae
661 2307 819 2336 abundant
840 2324 880 2329 —-
902 2307 986 2336 Pacis
1008 2307 1130 2337 fabulae
1155 2317 1200 2336 vv.
1222 2314 1276 2345 125
1281 2313 1297 2345 5
1320 2316 1387 2345 sqq.
1407 2305 1514 2334 docere
1538 2310 1665 2344 possunt

166 2371 228 2399 quo
250 2362 319 2389 loco
341 2370 492 2389 armorum
512 2360 630 2389 institor
650 2370 705 2398 pro
726 2360 849 2398 reliquis
871 2361 923 2398 qui
944 2370 1012 2389 cum
1034 2371 1071 2390 eo
1094 2362 1124 2390 in
1146 2371 1266 2390 scenam
1286 2364 1443 2394 venerunt,
1467 2360 1557 2388 verba
1579 2359 1662 2395 facit,

162 2413 299 2453 quamvis
321 2423 388 2443 cum
412 2418 518 2442 natura
538 2422 645 2452 parum
666 2412 828 2450 conspiret.

216 2507 218 2509 ‚
263 2465 289 2505 ⁸)
310 2467 508 2504 Quaestiones
529 2467 567 2495 de
589 2466 800 2505 Aristophanis
825 2476 855 2496 re
876 2467 1002 2502 scenica.
1028 2468 1099 2498 diss.
1122 2469 1209 2496 Bonn
1234 2466 1311 2495 1868
1333 2476 1363 2504 p.
1385 2467 1434 2502 67.

263 2518 290 2557 4)
311 2520 342 2549 Si
363 2520 451 2549 nimis
472 2529 563 2557 grave
583 2510 723 2548 versuum
745 2529 822 2548 onus
839 2520 1009 2558 coryphaeo
1024 2521 1201 2558 imposuisse
1214 2519 1328 2552 videor,
1353 2519 1422 2547 vide
1439 2528 1562 2556 quaeso,
1586 2523 1662 2556 quot

161 2573 293 2611 reliquae
314 2572 435 2602 fabulae
457 2582 558 2602 versus
573 2572 686 2602 Velsen
707 2572 902 2601 Arnoldtium
924 2571 1001 2609 (Die
1018 2573 1214 2612 Clzorpartien
1236 2573 1280 2601 bei
1293 2572 1519 2609 Aristophanes,
1538 2571 1666 2609 Leipzig

161 2626 262 2664 1873)
284 2626 414 2656 maxime
436 2631 555 2656 secutus
577 2626 621 2655 illi
644 2625 787 2654 tribuerit.
