1826 3088
744 258 1043 309 ⁴—26-

163 380 356 412 servatam
383 387 468 411 esse
495 375 743 423 putabimus?
797 375 875 411 Vix
902 387 1001 423 opus
1029 382 1088 412 est
1114 376 1259 419 dicere,
1297 387 1359 411 me
1386 375 1441 411 de·
1462 374 1686 411 verborum-

162 437 373 474 imitatione
418 438 575 475 minime
620 438 811 486 cogitare;
855 439 1127 474 tantummodo
1165 438 1388 485 tragoediae
1426 442 1667 480 structuram,

162 501 377 537 universam
405 500 589 537 dramatis
607 501 804 549 Euripidei
831 500 1000 538 indolem
1028 501 1102 537 hoc
1125 512 1281 548 quoque
1304 499 1392 537 loco
1419 512 1440 535 e
1468 492 1669 536 comoedia
1726 550 1729 552 ι

160 564 329 599 eminere
364 563 538 600 arbitror.
595 563 713 611 Quod
748 564 778 600 si
814 568 918 599 recte
949 565 1062 600 statui
1091 564 1190 600 hunc
1218 562 1296 599 fere
1324 564 1361 599 in
1388 563 1549 599 modum
1576 563 1668 599 satis

160 637 343 674 magnam
369 625 534 674 Telephi
562 632 717 675 partem
744 626 793 662 ab
819 625 1081 674 Aristophane
1108 626 1146 662 in
1166 624 1577 674 Thesmophoriazusis
1604 637 1666 661 ex-

159 701 333 737 pressam
360 689 480 733 vides,
510 686 714 726 scenarum
741 690 871 726 ordine
900 695 939 726 et
967 702 1068 726 nexu
1094 689 1295 737 diligenter
1313 694 1487 728 servato:
1516 688 1668 736 Aliquis

160 751 398 790 Graecorum
426 754 491 800 (τ-
519 753 655 790 mulier
677 754 739 800 A)
757 751 934 799 Telepho
963 752 1174 797 maledicit;
1208 752 1322 789 »vitio
1348 753 1383 789 ei
1408 752 1531 795 vertit,
1560 751 1666 799 quod

160 828 248 852 curn
275 815 432 852 Graecis
465 817 698 862 congressus
725 817 774 852 sit
801 821 838 851 et
865 815 1031 862 probare
1058 821 1236 859 conatur,
1274 816 1353 852 iure
1382 814 1552 853 Graecos
1579 826 1667 851 eum

158 878 379 915 vulnerasse
399 884 440 915 ut
459 890 501 915 se
520 878 771 915 defenderent
789 878 932 915 scilicet
951 879 1016 925 (=
1034 878 1192 916 Thesm.
1205 879 1251 924 38
1258 880 1432 926 3—432).
1470 878 1666 926 Telephus

157 947 298 986 autem,
329 941 456 978 adhuc
490 942 646 989 ignotus
677 942 839 979 mendici
865 953 1071 989 personam
1098 941 1288 977 sustinens
1317 941 1380 990 (ε
1408 940 1667 978 Mnesilochus

157 1005 240 1053 ipse
268 1016 428 1053 quoque
454 1006 620 1054 ignotus,
653 1005 820 1043 mulieris
848 1010 976 1052 partes
995 1004 1125 1053 agens)
1146 1004 1284 1040 eodem
1304 1007 1533 1052 argumento
1551 1005 1667 1041 utitur

157 1068 388 1116 probatque,
415 1069 446 1104 si
464 1067 622 1107 Graecis
651 1068 797 1105 licuerit
825 1081 864 1104 se
891 1067 1095 1105 defendere
1122 1079 1275 1104 summo
1297 1068 1376 1105 iure
1394 1068 1496 1104 idem
1517 1067 1666 1104 licuisse

157 1130 251 1178 regi,
277 1131 383 1168 cuius
410 1130 507 1167 fines
534 1131 760 1168 transissent
788 1132 849 1178 (Ξ
869 1130 1026 1168 Thesm.
1046 1131 1267 1177 466-519;
1297 1131 1556 1167 Mnesilochus
1576 1143 1666 1178 quo-

159 1204 234 1240 que
271 1194 319 1229 ad
352 1194 521 1230 mulieris
548 1194 706 1230 crimina
732 1194 889 1230 recurrit
917 1194 1133 1241 probatque
1162 1193 1339 1230 mulieres
1367 1194 1489 1230 multo
1516 1193 1666 1241 peiores

157 1268 242 1292 esse
279 1267 397 1303 quarn
425 1256 630 1302 Euripides
667 1269 732 1293 eas
768 1258 804 1292 in
831 1245 1038 1303 tragoediis
1065 1255 1252 1303 finxerit)«
1269 1256 1310 1303 ¹).
1364 1255 1544 1305 Sequitur
1570 1245 1668 1293 inter

159 1318 352 1356 Graecum
388 1319 495 1356 illum
522 1319 817 1367 Telephumque
844 1319 1041 1356 altercatio
1069 1331 1156 1355 cum
1184 1331 1292 1355 suam
1321 1319 1483 1367 quisque
1511 1331 1667 1356 causam

156 1382 292 1419 ceteris
319 1382 486 1430 probare
513 1383 760 1430 studeat-(=
778 1382 935 1418 Thesm.
967 1390 984 1429 5
992 1392 1011 1428 3
1017 1392 1088 1428 3—-
1095 1383 1192 1429 570),
1221 1393 1320 1429 quae
1348 1381 1475 1419 finitur
1498 1384 1665 1420 adventu

155 1445 314 1482 alicuius
342 1445 480 1483 Graeci
499 1447 563 1493 (=
577 1445 810 1494 Clisthenis),
834 1458 856 1482 a
875 1457 955 1493 quo
975 1445 1171 1492 Telephus
1188 1446 1407 1493 agnoscitur
1427 1447 1492 1494 (τ-
1505 1446 1662 1499 Thesrn.

157 1509 385 1558 575—654).
439 1509 542 1546 Tum
579 1521 673 1546 vero
709 1509 771 1546 ille
808 1509 855 1546 ad
891 1515 1067 1546 extrema
1104 1509 1288 1555 decurrit;
1319 1508 1498 1547 Orestem
1534 1510 1665 1559 arripit

155 1578 272 1618 atque
299 1585 388 1608 cum
416 1585 463 1610 eo
491 1573 528 1608 in
555 1585 662 1608 aram
690 1572 860 1619 confugit
881 1574 946 1619 (Ξ
965 1572 1122 1609 Thesm.
1142 1572 1219 1619 689
1236 1573 1349 1619 sqq).
1396 1571 1507 1620 Quae
1526 1574 1662 1611 deinde

154 1635 191 1671 in
232 1636 436 1672 comoedia
463 1647 585 1682 usque
611 1635 660 1671 ad
686 1647 721 1672 v.
751 1635 826 1681 764
857 1633 1050 1684 quo-loco
1078 1634 1245 1681 reliquae
1272 1635 1455 1682 parodiae
1483 1636 1664 1684 incipiunt

153 1703 375 1744 sequuntur,
414 1710 491 1734 non
519 1699 595 1734 iam
625 1698 865 1744 tragoediam
893 1698 1105 1734 imitantur:
1145 1699 1248 1746 apud
1267 1698 1499 1746 ‘Euripidem
1527 1698 1663 1735 Graeci

154 1760 333 1808 Telepho
361 1761 625 1806 conciliantur,
654 1759 814 1797 Orestes
834 1766 1025 1805 servatur;
1056 1760 1092 1799 in
1110 1760 1520 1809 Thesmophoriazusis
1540 1761 1661 1798 infans

153 1823 321 1859 mulieris
349 1829 526 1860 extrema
553 1824 709 1871 patitur.
1296 1823 1303 1829 ’

254 1886 510 1933 Permagnam
538 1886 654 1934 igitur
681 1886 905 1923 comoediae
934 1891 1083 1934 partem
1103 1885 1152 1923 ab
1172 1886 1434 1936 Aristophane
1451 1887 1661 1925 secundum
1690 1881 1694 1885 ⁶

151 1948 316 1997 Telephi
344 1949 547 1998 exemplar
574 1950 799 1997 dispositam
826 1961 910 1985 esse
930 1949 1141 1986 statuimus.
1189 1949 1300 1997 Quae
1324 1956 1453 1988 nostra
1472 1951 1660 1988 sententia

151 2012 212 2048 vel
238 2012 391 2061 prologi
420 2005 591 2061 quodam
619 2012 708 2050 loco
735 2012 932 2061 probatur.
980 2010 1137 2053 Thes'm.
1158 2022 1200 2060 71
1232 2019 1349 2061 poeta
1377 2012 1528 2051 fabulae
1553 2026 1660 2062 argu-

151 2081 325 2113 mentum
352 2089 441 2113 cum
468 2076 750 2124 spectatoribus
777 2076 1060 2113 communicare
1088 2077 1227 2124 incipit.
1271 2077 1394 2125 Atqui
1412 2077 1660 2114 blandissima

149 2145 208 2176 est
235 2140 529 2188 Bakhuyzeni2)
556 2139 787 2183 coniectura,
817 2152 876 2176 vv.
906 2139 957 2186 76
983 2151 1060 2187 sq.:
1468 2188 1470 2190 Ι

870 2202 963 2254 τῇδε
987 2197 1147 2255 θήμέρᾳ
1174 2203 1407 2255 κριθήσεται

401 2259 476 2303 εἴτ’
508 2260 601 2303 ἔστ’·
620 2261 678 2303 ἔτι
707 2264 782 2312 ζῶν
808 2260 879 2303 εἴτ’
913 2261 1093 2302 ἀπόλωλ’
1125 2262 1346 2317 Εὐριπίδης

148 2341 170 2366 e
206 2328 386 2377 Telepho
422 2334 600 2377 sumptos
633 2330 738 2374 esse3
776 2329 865 2377 quin
901 2334 1004 2365 recte
1040 2329 1077 2366 id
1112 2320 1317 2367 coniecerit
1352 2330 1472 2366 homo
1507 2329 1656 2373 doctus,

148 2392 274 2429 nullus
299 2392 457 2440 dubito‚-
482 2394 603 2429 immo
630 2393 748 2429 etiam
775 2391 933 2429 Thesm.
963 2401 1030 2439 71:

490 2451 522 2493 ὠ
549 2457 628 2494 Ζεῦ
654 2454 695 2493 τί
722 2454 864 2505 δρᾶσαι
893 2454 1046 2493 διανοεῖ
1072 2469 1121 2504 με
1144 2454 1309 2507 τήμερον

251 2608 276 2647 ¹)
295 2610 481 2648 Bakhuyoen
502 2586 542 2649 p.¹
556 2618 605 2640 21.

249 2660 276 2699 ¹)
296 2663 316 2693 l.
336 2673 364 2694 a.
387 2671 444 2693 120
464 2673 532 2702 sqq.
