1826 3088
785 249 1040 296 „58-

156 352 433 400 expendantur.
478 351 616 398 Neque
641 356 773 387 tamen
796 351 1012 388 »Nesfiam«
1044 353 1094 389 ab
1120 352 1265 397 iniustis
1291 351 1509 389 criminibus
1535 350 1662 388 defen-

155 416 256 451 disse
282 414 375 450 satis
400 413 544 450 habere
564 413 700 459 velim;
729 413 859 461 quoad
877 415 976 450 inter
994 415 1179 462 angust-es
1198 413 1308 450 huius
1326 413 1663 453 commentationis

154 476 249 513 fines
276 476 357 512 fieri
383 477 518 524 possit,
546 488 635 513 eam
662 488 818 524 quoque
845 487 946 522 quae
972 489 996 513 a
1014 476 1217 513 Zielinskio
1244 476 1292 512 de
1319 475 1483 513 amissae
1510 475 1662 513 fabulae

154 545 383 588 argumento
411 540 508 576 mira
533 538 727 588 profertur
745 538 945 584 sententia,
973 540 1139 577 breviter
1156 550 1384 588 percensere
1403 544 1443 576 et
1461 538 1660 576 confutare

154 603 277 639 liceat.

258 665 400 703 Statuit
419 665 600 702 Zielinski
630 672 787 703 »natura
813 677 941 702 rerum
963 664 1149 714 postulari
1168 670 1210 702 ut
1228 676 1296 702 eae
1315 665 1540 702 comoediae
1560 676 1661 713 quae

155 729 308 764 diverso
328 728 535 764 instructae
549 728 634 771 sint,
655 733 895 776 argumento,
916 713 1075 764 diversis
1095 739 1251 774 quoque
1264 728 1381 765 titulis
1397 727 1657 764 inscribantur.

154 790 285 828 Valde
320 790 475 836 dubit0‚
513 802 606 827 num
633 796 738 828 recte
764 790 802 828 id
828 789 900 827 sibi
927 790 1151 839 sumpserit;
1189 790 1344 827 nomina
1371 795 1409 827 et
1435 790 1658 827 comoediae

153 860 192 890 et
227 854 451 901 tragoediae
478 854 706 902 plerumque
735 867 757 890 a
784 855 904 890 choro
939 854 1088 890 desumi
1115 865 1241 901 neque
1267 853 1432 891 multum
1458 855 1508 891 ad
1534 854 1659 902 ipsum

153 916 307 952 fabulae
339 921 610 963 argumentum
646 916 956 953 constituendum
983 915 1112 952 valere
1139 928 1254 952 nemo
1280 916 1449 964 ignorat;
1487 916 1659 964 ineptum

153 979 270 1027 igitur
297 984 409 1022 esset,
438 990 470 1015 e.
487 978 644 1027 paribus
672 978 791 1015 titulis
815 983 1042 1026 argumenta
1069 989 1225 1025 quoque
1252 979 1390 1015 eadem
1413 977 1531 1015 fuisse
1559 978 1659 1015 colli-

154 1054 256 1090 gere.
305 1041 483 1090 Utraque
509 1042 557 1079 de
585 1054 663 1089 qua
689 1042 839 1090 agimus
866 1041 1069 1078 comoedia
1091 1039 1516 1088 Thesmophoriazusae
1544 1042 1660 1079 nomi-

154 1112 244 1141 nata
287 1110 347 1141 est
389 1105 567 1141 nimirum
614 1105 720 1152 quod
764 1105 962 1151 utriusque
1006 1103 1159 1140 fabulae
1205 1104 1344 1140 chorus
1382 1116 1403 1140 e
1440 1104 1660 1141 mulieribus

154 1168 467 1215 Thesmophoria
493 1167 696 1215 agentibus
722 1167 968 1204 consistebat.
1014 1165 1259 1214 Argumenta
1284 1167 1481 1215 utriusque
1509 1166 1659 1205 fabulae

154 1229 413 1267 diversissima
440 1242 524 1267 esse
551 1234 742 1278 poterant.

256 1293 431 1341 Triginta
459 1292 537 1329 fere
564 1293 727 1330 amissae
754 1292 979 1330 comoediae
1007 1291 1221 1339 fragmenta
1240 1297 1454 1340 supersunt,
1483 1305 1504 1329 e
1522 1292 1660 1340 quibus

154 1355 220 1403 qui
247 1360 336 1392 ante
355 1355 547 1392 Zielinskii
575 1360 742 1392 aetatem
769 1355 819 1391 de
846 1353 1099 1402 ›Calligenia«
1131 1360 1291 1402 egerunt
1302 1355 1330 1402 1)
1360 1366 1437 1390 non
1464 1356 1545 1391 ausi
1572 1361 1660 1392 sunt

152 1417 324 1461 efficere,
362 1424 566 1465 utramque
593 1417 1019 1466 Thesmophoriazusas
1045 1418 1146 1454 idem
1173 1422 1443 1465 argumentum
1469 1417 1658 1455 habuisse.

151 1479 358 1517 Zielinskio
391 1480 527 1518 melius
560 1480 741 1528 contigit,
779 1486 820 1516 ut
855 1480 1034 1528 reliquias
1070 1479 1223 1516 fabulae
1249 1480 1413 1515 amissae
1439 1491 1528 1515 cum
1555 1490 1662 1526 argu-

152 1548 285 1580 mento
317 1544 533 1591 superstitis
560 1543 786 1580 comoediae
813 1543 1033 1591 conspirare
1060 1542 1299 1590 intellegeret
1311 1541 1352 1590 Β).
1407 1540 1486 1578 Sed
1513 1553 1559 1577 ea
1582 1545 1662 1591 'qua

152 1606 202 1643 ad
240 1606 339 1644 hanc
375 1606 649 1655 cognationem
687 1606 1021 1654 comprobandam
1057 1606 1174 1643 utitur
1209 1602 1371 1641 ratione
1390 1603 1501 1641 facile
1529 1609 1663 1652 posset

151 1668 439 1715 demonstrare,·
457 1669 692 1717 Calligeniae
728 1669 946 1716 fragmenta
980 1682 1068 1706 cum
1104 1669 1239 1716 quavis
1276 1667 1479 1705 comoedia
1505 1668 1660 1715 antiqua

151 1732 365 1769 concinere.
411 1732 535 1769 Unius
561 1732 663 1768 enim
690 1732 868 1769 vocabuli
893 1732 1136 1768 similitudine
1164 1737 1342 1768 movetur
1368 1737 1410 1767 ut
1426 1736 1533 1767 totos
1553 1731 1662 1768 locos

150 1796 313 1832 eosdem
340 1794 455 1831 fuisse
482 1795 701 1832 contendat.
748 1794 852 1842 Quid
879 1795 986 1842 quod
1013 1795 1062 1831 ad
1089 1800 1238 1831 tantam
1265 1794 1457 1831 licentiam
1474 1794 1660 1842 procedit,

150 1863 193 1893 ut
219 1869 293 1905 pro
312 1856 420 1894 certo
438 1856 624 1894 affirmet:
659 1848 817 1895 »Duri-h
830 1859 982 1906 fragm.
996 1868 1072 1904 331
1092 1851 1197 1906 ἁγὼν
1218 1855 1423 1909 πρόφασιν
1441 1853 1486 1895 οὗ
1505 1855 1658 1904 δέχεται

138 1920 280 1969 finden
305 1920 384 1957 wir
409 1933 552 1958 unser-n
572 1920 686 1969 Agon
702 1921 742 1957 in
757 1921 831 1958 der
844 1919 1273 1957 wzznsckenswertesten
1302 1919 1422 1957 Wez'se
1439 1919 1658 1969 bestdtzjgt«.

151 1981 276 2030 Quasi
311 1983 418 2020 nullo
454 1983 541 2020 loco
578 1983 810 2020 vocabulum
843 1978 950 2033 ἀγών
984 1989 1086 2020 stare
1113 1989 1267 2031 posset,
1303 1983 1373 2020 nisi
1398 1994 1531 2020 revera
1556 1994 1659 2031 agon

151 2044 427 2083 Zielinskianus
454 2046 732 2095 sequereturss).
763 2068 810 2073 —

253 2208 279 2248 ι)
298 2210 400 2248 Bergk
420 2210 503 2249 apud
524 2209 656 2240 Meinek.
677 2208 787 2247 fragm.
811 2219 890 2240 com.
906 2218 1004 2248 graec.
1019 2209 1078 2238 112
1094 2219 1126 2248 p.
1147 2214 1239 2247 1075;
1262 2209 1415 2239 Fritzsche
1431 2209 1522 2239 Arist.
1536 2196 1660 2238 TIiesm.

149 2271 180 2300 p.
203 2269 263 2300 575
287 2272 370 2300 sqq.3
393 2264 493 2298 Kock,
518 2272 596 2291 com.
619 2262 702 2291 attic.
722 2261 830 2299 fragm.
854 2263 868 2290 1
890 2270 950 2299 472
972 2273 1019 2300 sq.

253 2312 279 2353 ⁹)
299 2315 322 2345 l.
346 2325 374 2346 a.
390 2318 431 2353 '91
457 2324 523 2354 sqq.

251 2366 277 2405 ⁸)
297 2368 413 2398 Eadem
443 2369 566 2406 egregia
593 2368 727 2403 ratione,
759 2377 837 2406 quae
862 2368 911 2397 vix
939 2368 1057 2406 indiget
1082 2367 1279 2403 refutatione,
1309 2369 1340 2397 in
1369 2369 1527 2407 superstite
1555 2368 1659 2398 fabula

148 2420 290 2459 reliquias
327 2420 436 2459 agonis
469 2421 599 2450 mutilati
627 2420 793 2465 repperisse
832 2421 889 2449 sibi
928 2421 1054 2451 videtur.
1112 2422 1149 2449 In
1188 2421 1353 2459 posteriore
1391 2421 1498 2459 parodi
1536 2421 1657 2450 chorico

148 2474 276 2502 occurrit
303 2484 335 2504 v.
354 2474 416 2512 356
442 2474 626 2503 vocabulum
655 2474 763 2504 νικᾶν.
806 2474 854 2502 De
882 2474 939 2503 illo
963 2474 1106 2503 Zielinski
1132 2485 1163 2513 p.
1186 2475 1238 2511 87:
1279 2473 1366 2503 »Das
1386 2474 1513 2509 νικᾶνι,
1544 2474 1653 2512 inquit,

149 2526 264 2565 »findet
288 2526 355 2564 auf
369 2527 416 2556 die
437 2527 477 2556 K
471 2527 600 2561 omiidie,
632 2536 665 2555 so
686 2527 742 2555 wie
759 2526 801 2555 sie
822 2536 883 2555 uns
905 2527 1047 2564 vorliegt,
1076 2527 1158 2556 keine
1177 2528 1400 2565 Anwmdung:
1430 2536 1459 2555 es
1480 2531 1553 2556 setzt
1571 2527 1657 2556 einen

146 2580 234 2618 Agon
266 2589 397 2615 vorans,
434 2581 488 2609 der
514 2581 547 2609 in
574 2580 626 2608 ihr
651 2581 737 2608 nicht
763 2589 801 2608 zu
820 2579 929 2618 finden
959 2580 1029 2610 ist«.
1080 2581 1140 2610 Sed
1168 2581 1291 2610 minime
1319 2591 1397 2619 opus
1425 2585 1470 2610 est
1499 2579 1656 2610 Zielinskii

147 2643 255 2672 agone,
286 2638 319 2664 ut
346 2634 423 2663 illud
444 2635 542 2665 νικᾶν
563 2634 772 2672 intellegatur-3
806 2633 920 2672 optime
941 2642 1011 2663 cum
1032 2633 1148 2663 ratione
1168 2634 1319 2663 contionis
1341 2634 1511 2672 conspirat,
1541 2634 1573 2663 in
1595 2643 1656 2673 qua
