1826 3088
753 270 1003 307 -37-

126 361 303 399 omnibus
331 361 409 402 sere
437 361 573 400 fabulis
602 361 731 410 ipsum
758 368 1025 410 argumentum
1052 363 1088 399 in
1117 362 1243 399 media
1260 363 1462 400 comoedia
1479 361 1628 407 deficit;

126 425 233 472 quod
267 430 442 472 superest
476 426 644 474 spatium
680 424 803 462 scenis
839 426 1067 473 quibusdam
1104 436 1181 461 non
1215 430 1296 461 arte
1324 425 1534 462 coniunctis
1562 437 1627 462 ex·
1675 465 1677 467 ,

126 487 273 536 pletur,
311 488 449 536 quibus
484 494 602 537 poeta
628 488 892 525 demonstrare
918 488 1036 531 solet,
1075 499 1117 524 se
1144 493 1288 524 rectam
1316 488 1484 536 aliquam
1509 493 1628 536 atque

91 565 94 568 ’
126 550 367 599 probabilem
400 552 628 589 sententiam
663 552 700 588 in
734 551 861 599 priore
896 550 1048 588 fabulae
1082 555 1191 598 parte
1217 552 1498 598 spectatoribus
1525 563 1626 588 com-

126 614 327 651 mendasse
339 614 379 663 1).
422 609 549 652 ‘Vides
577 614 998 662 Thesmophoriazusas
1026 613 1118 650 alias
1145 613 1283 650 multas
1311 615 1531 651 comoedias
1558 615 1627 651 vir-

124 682 205 714 tute
241 690 439 726 superare:
479 679 559 715 eius
595 678 695 714 actio
734 676 812 714 fere
839 677 887 713 ad
914 676 1066 713 fabulae
1092 675 1208 713 finem
1235 689 1385 714 summa
1412 690 1500 714 cum
1527 677 1625 714 viva-

125 740 239 776 citate
264 741 448 788 procedit.
495 740 573 777 Sed
601 745 808 788 postquam
836 740 1005 776 comicus
1032 740 1081 775 ad
1108 739 1157 784 id,
1186 740 1290 786 quod
1318 740 1387 775 sibi
1410 741 1625 787 proposuit,

126 804 299 851 pervenit
325 804 587 852 tragicamque
616 802 750 852 poesin
778 802 984 839 identidem
1012 802 1243 850 perstrinxit,
1280 803 1406 850 gravis
1435 803 1625 850 quaedam

125 871 244 902 restat
282 865 504 903 difficultas:
550 866 722 914 Euripidi
770 877 847 901 non
887 866 975 902 licet
1014 864 1293 901 Mnesilochum
1334 866 1510 910 liberare,
1556 867 1625 903 nisi

125 928 264 965 chorus
289 922 334 975 ὃς
359 923 478 967 πάντ’
508 927 634 979 ἐφορᾷ
660 926 729 965 καὶ
756 922 874 965 πάντ’
906 924 1095 965 ἐπακούει
1121 927 1157 963 in
1176 928 1254 964 eius
1274 934 1403 976 partes
1422 929 1622 967 transierit.

124 991 259 1038 Itaque
296 1003 394 1039 opus
430 997 488 1028 est
522 991 586 1027 illo
620 990 774 1027 foedere
810 991 916 1037 quod
949 1002 1010 1026 vv.
1045 990 1140 1026 1160
1165 1002 1249 1037 sqq.
1289 1003 1376 1027 cum
1404 991 1624 1029 mulieribus

125 1053 251 1089 icitur:
298 1054 499 1101 Euripides
544 1054 735 1101 promittit
769 1065 811 1089 se
850 1053 926 1089 iam
966 1052 1004 1088 in
1043 1053 1248 1097 tragoediis
1289 1053 1508 1090 mulieribus
1545 1066 1622 1090 non

125 1116 415 1153 maledicturum
440 1128 535 1159 esse,
565 1116 595 1152 si
622 1115 693 1152 sibi
721 1114 1002 1152 Mnesilochum
1030 1115 1160 1152 secum
1188 1115 1379 1153 abducere
1407 1116 1571 1153 licuerit:

421 1174 467 1229 ἢν
494 1171 561 1217 οὖν
585 1177 814 1227 κομίσωμαι
839 1179 986 1225 τοῦτον,
1014 1173 1128 1217 οὐδὲν
1153 1177 1207 1230 μή
1232 1192 1330 1218 ποτε

420 1243 551 1288 κακῶς
577 1235 791 1279 ἀκούσεσθ’
805 1241 847 1288 2).

126 1296 183 1341 At
209 1304 240 1341 si
268 1304 443 1342 mulieres
471 1317 547 1341 non
574 1304 842 1348 concesserint,
879 1316 1017 1341 arcana
1043 1316 1175 1341 earum
1194 1317 1242 1346 >se
1270 1305 1356 1342 viris
1383 1305 1624 1353 proditurum

98 1365 101 1367 ’
129 1379 214 1404 esse
241 1368 423 1404 minatur:
1090 1376 1092 1380 ’

674 1411 720 1469 ἢν
747 1416 792 1455 δὲ
818 1414 873 1468 μὴ
898 1416 1088 1466 πίθησθέ
1112 1431 1179 1466 μοι

396 1473 443 1518 ἂν
469 1482 533 1519 νῦν
557 1475 831 1530 ὑποικουρεῖτε
856 1482 984 1519 τοῖσιν
1011 1475 1196 1531 ἀνδράσιν

395 1540 479 1581 ἀπὸ
505 1543 573 1592 τῆς
598 1544 783 1593 στρατιᾶς
809 1545 1003 1593 παροῦσιν
1028 1538 1135 1591 ὑμῶν
1162 1543 1353 1593 διαβαλῶ.

227 1616 406 1654 Inanibus
434 1617 550 1653 utitur
576 1616 703 1661 minis;
733 1617 800 1652 sed
828 1628 913 1653 cum
932 1616 1155 1665 Euripidem
1181 1617 1230 1653 ad
1257 1617 1401 1653 nodum
1420 1618 1623 1666 expedien-

125 1680 219 1716 dum
258 1684 462 1726 utcumque
499 1678 718 1715 mulieribus
753 1676 886 1726 parem
922 1691 1006 1729 esse
1035 1685 1230 1727 oporteat,
1266 1681 1481 1727 praetendit
1507 1687 1624 1728 poeta

125 1754 282 1779 causam
301 1742 403 1778 illam
422 1754 499 1778 non
517 1742 737 1789 graviorum
757 1753 874 1789 quam
893 1748 1002 1779 vetus
1021 1743 1222 1793 comoedia
1242 1743 1421 1791 postulat.
1459 1743 1624 1780 Ratione

126 1805 240 1853 igitur
274 1810 390 1852 atque
425 1804 552 1840 indole
588 1804 877 1852 Aristophanea
911 1806 1037 1841 exitus
1073 1805 1224 1841 fabulae
1252 1805 1623 1854 Thesmophoriazu-

125 1881 254 1905 sarum
280 1868 372 1905 satis
399 1867 624 1915 explicatur.
679 1866 719 1904 Si
747 1868 832 1915 quis
858 1873 986 1904 autem
1014 1868 1116 1905 aliud
1144 1868 1340 1915 quoddam
1367 1869 1404 1904 in
1432 1880 1479 1905 eo
1507 1869 1625 1905 latere

126 1931 351 1978 suspicatur,
379 1934 577 1975 argutatur
604 1941 693 1965 cum
712 1929 916 1966 Schwabio
927 1931 970 1977 ³),
1001 1932 1064 1978 qui
1093 1932 1140 1967 de
1168 1931 1242 1967 fine
1265 1931 1490 1967 comoediae
1517 1932 1623 1968 dicit:

229 2059 255 2098 1)
274 2061 381 2089 Talem
405 2061 436 2089 in
459 2060 582 2088 modum
603 2059 668 2097 ipsa
690 2059 793 2089 fabula
814 2060 898 2089 finita
919 2064 963 2088 est
985 2061 1115 2089 Aeharn.
1141 2060 1208 2097 718⁷
1234 2061 1324 2098 vesp.
1351 2069 1438 2094 1121.
1464 2061 1527 2089 Pax
1550 2061 1619 2096 816,

126 2115 207 2143 Aves
229 2113 297 2152 850,
321 2113 435 2142 Eccles.
461 2119 530 2150 729,
553 2112 633 2141 Plut.
657 2112 725 2148 781.

229 2165 254 2205 ἵ)
273 2168 388 2196 Revera
410 2166 586 2204 Euripidem
613 2166 674 2195 tale
703 2167 811 2196 foedus
843 2177 911 2197 cum
941 2166 1116 2196 mulieribus
1145 2166 1250 2195 fecisse
1279 2171 1308 2195 et
1330 2166 1415 2205 quasi
1439 2167 1626 2205 palinodiam

126 2225 231 2259 postea
260 2219 464 2258 composuisse
502 2219 560 2247 sibi
587 2219 673 2249 finxit
711 2226 814 2250 auctor
851 2221 929 2249 vitae
957 2220 1111 2258 Euripidis
1139 2218 1258 2257 (Eurip.
1286 2219 1346 2248 fab.
1378 2230 1436 2249 rec.
1466 2220 1630 2249 Kirchhoff

127 2273 259 2302 Berolini
280 2273 356 2309 1867
375 2283 405 2310 p.
422 2270 500 2310 IX):
524 2272 659 2312 λέγουσι
681 2273 719 2304 δὲ
740 2275 797 2304 καὶ
820 2269 872 2304 ὅτι
895 2275 931 2303 αἱ
951 2276 1107 2313 γυναῖκες
1128 2269 1185 2302 διὰ
1208 2271 1286 2306 τοὺς
1300 2268 1431 2312 ψόγους
1447 2272 1504 2308 οὓς
1519 2273 1627 2304 ἐποίει

126 2328 175 2361 εἰς
203 2323 306 2370 αὐτ-ὰς
328 2323 384 2356 διὰ
407 2325 473 2356 τῶν
495 2322 703 2366 ποιημάτων,
723 2329 794 2361 τοῖς
826 2328 1073 2368 Θεσμοφορίοις
1101 2325 1285 2364 ἐπέστησαν
1313 2323 1402 2366 αὐτῷ
1422 2324 1627 2369 βουλόμεναι

129 2377 268 2410 ἀνελεῖν.
312 2378 490 2419 ἐφείσαντο
520 2378 558 2409 δὲ
580 2374 690 2408 ἀὐτοῦ
712 2395 753 2401 -
773 2396 815 2400 ——
835 2381 1106 2421 βεβαιωσαμένου
1135 2377 1251 2420 μηκέτι
1280 2375 1384 2414 αι’]τὰς
1403 2380 1508 2414 κακῶς
1532 2380 1625 2421 ἐρεῖν.

129 2432 165 2463 ἐν
188 2435 273 2473 γοῦν
286 2432 333 2474 ,τῇ
355 2432 567 2472 Μελανίππῃ
590 2433 667 2472 περὶ
689 2431 799 2461 αὐτῶν
821 2428 901 2462 τάδε
924 2433 1022 2472 φησί·

478 2474 481 2477 ’
493 2481 605 2529 μάτην
626 2480 682 2525 ἄρ’
707 2485 754 2519 εἰς
775 2487 931 2524 γυναῖκας
956 2483 991 2520 ἐξ
1010 2482 1144 2527 ἀνδρῶν
1165 2481 1275 2523 ψόγος

496 2535 616 2576 ψάλλει
666 2559 1260 2568 ............

293 2630 295 2632 η
495 2592 532 2622 αἳ
554 2589 589 2622 δ’
613 2588 674 2622 afa*
701 2587 860 2632 ἀμείνους
881 2588 1038 2632 ἀρσένων,
1060 2588 1126 2632 ἐγώ
1148 2590 1239 2630 λέγω.

230 2645 255 2684 ⁸)
276 2646 297 2675 1.
319 2646 339 2675 l.
361 2656 391 2684 p.
417 2654 462 2683 19.
686 2650 689 2652 “
