1826 3088
780 169 1033 206 -16-

162 284 266 315 esse,
304 271 364 308 vel
400 272 520 309 verba
556 270 679 322 λαΐνῳ
714 270 922 320 τυκίσματι
932 272 963 319 ¹)
998 278 1037 309 et
1073 270 1221 311 λαΐνων
1250 266 1493 321 τυκισμάτων
1501 271 1532 320 ²)
1569 282 1669 318 quae

163 341 267 372 certe
310 347 387 371 non
426 348 517 372 casu
558 342 722 384 utroque
762 335 849 373 loco
889 335 1151 380 consentiunt,
1198 331 1465 384 comprobare
1494 338 1668 384 possunt.

163 398 297 445 Itaque
323 409 400 434 non
422 397 707 447 Aristophanes
734 399 803 435 sed
829 398 911 446 ipse
928 397 1132 447 Euripides
1149 397 1483 436 Herculis‘locum
1501 397 1670 435 imitatus

163 467 222 498 est
247 466 285 497 et
312 460 430 498 verba
446 460 935 511 Thesmophoriazusarum
954 461 1052 499 inter
1069 467 1198 500 cetera
1214 456 1437 511 tragoediae
1454 453 1671 511 fragmenta

163 525 343 576 ponenda
371 530 469 561 sunt.
524 524 607 561 Nos
634 531 765 562 autem
792 525 918 562 denuo
945 525 1179 573 admiramur
1204 518 1564 574 comici-ingenium
1591 535 1670 573 quo

164 587 272 624 locos
300 587 336 623 in
363 587 564 633 tragoedia
591 588 784 625 seiunctos
808 587 935 635 lepide
963 587 1213 636 copulaverit.

265 649 309 685 In
344 650 490 696 reliqua
522 650 707 697 parodiae
740 657 851 700 parte
885 650 1112 688 scholiastes
1138 648 1254 698 p'lane
1280 649 1367 687 silet
1392 651 1462 688 nisi
1489 650 1595 699 quod
1621 649 1672 687 ad

163 724 199 748 v.
225 721 321 758 1130
345 712 525 749 adnotat:
554 709 666 762 παρὰ
691 707 742 751 τὰ
768 710 812 751 ἐκ
838 710 1075 763 Μηδείαςθ).
1120 711 1209 750 Hoc
1236 723 1394 761 quoque
1420 712 1509 751 loco
1537 712 1671 757 miran-

164 775 257 811 dum
295 780 355 812 est
394 775 499 823 quod
535 775 711 813 homines
744 776 849 814 docti
884 775 917 813 si
951 776 1071 814 modo
1107 775 1380 812 antecedentes
1411 787 1544 813 versus
1555 776 1587 823 4)
1606 787 1672 813 -ex

164 837 420 874 Andromeda
459 843 637 885 sumptos
677 851 762 876 esse
797 843 1031 882 statuerunt,
1072 838 1169 875 haec
1204 838 1388 885 parodiae
1421 838 1541 876 verba
1575 839 1677 875 inter-

164 901 387 949 tragoediae
423 900 639 949 fragmenta
675 902 844 952 recipere
879 902 1102 940 omiserunt.
1156 899 1413 938 Scholiastam
1448 901 1485 937 in
1520 898 1671 936 Andro-

165 964 279 1000 meda
318 964 525 1011 Euripidea
569 977 658 1001 cum
693 966 853 1013 parodia
892 964 1181 1013 Aristophanea
1220 963 1482 1012 comparanda
1521 961 1673 999 summa

165 1025 409 1074 neglegentia
445 1038 556 1063 usum
584 1038 668 1063 esse
695 1027 778 1064 sole
803 1027 939 1064 clarius
965 1032 1036 1065 est.
1089 1025 1208 1074 Quod
1234 1037 1367 1063 revera
1391 1024 1527 1062 similia
1553 1023 1673 1061 verba

165 1088 204 1124 in
239 1088 381 1125 Medea
420 1094 595 1133 exstant,
636 1090 687 1126 nil
728 1090 887 1138 impedit
927 1102 975 1127 ne
1008 1089 1233 1137 Euripidem
1268 1089 1414 1125 eisdem
1448 1088 1486 1125 in
1519 1087 1670 1124 Andro-

166 1151 280 1187 meda
309 1163 421 1187 usum
449 1164 534 1188 esse
561 1153 774 1190 credamus.
820 1152 898 1189 Res
916 1152 1019 1189 haud
1038 1151 1147 1188 aliter
1166 1163 1208 1188 se
1229 1150 1372 1188 habere
1390 1150 1541 1187 videtur
1556 1154 1674 1197 atque

167 1214 205 1250 in
232 1214 408 1251 Herculis
436 1215 523 1252 loco
550 1216 599 1253 de
626 1228 704 1263 quo
732 1228 847 1265 supra
873 1214 1054 1253 diximus.
1103 1214 1193 1251 Non
1209 1213 1491 1262 Aristophanes
1509 1212 1673 1250 Medeae

167 1277 287 1314 verba
322 1278 491 1315 imitatus
527 1284 603 1323 est,
642 1280 710 1316 sed
746 1279 828 1327 ipse
852 1278 1057 1326 Euripides
1092 1277 1173 1313 sive
1208 1278 1347 1314 inscius
1373 1277 1453 1314 sive
1479 1276 1602 1313 sciens
1628 1287 1675 1311 ea

167 1340 305 1377 iterum
342 1342 550 1389 usurpavit.
604 1342 740 1389 Itaque
774 1341 805 1378 si
839 1340 1006 1389 primurn
1043 1341 1198 1387 quidem
1233 1340 1397 1387 gradum
1423 1338 1512 1376 fecit
1537 1337 1675 1375 Nauck

169 1402 422 1440 Matthiaeum
452 1410 617 1448 secutus,
646 1404 810 1441 alterurn
836 1416 887 1440 sc.
916 1403 1035 1440 verba
1062 1403 1242 1441 σκαιοῖσι
1262 1423 1309 1429 -
1330 1398 1558 1448 ἆναλίσκοις
1584 1394 1675 1449 ἆνῦ)

167 1466 320 1513 reliquis
347 1467 491 1504 addere
519 1480 596 1504 non
623 1467 756 1505 debuit
783 1466 1041 1504 reformidare.

160 1579 162 1581 Ι
272 1527 392 1576 Quod
423 1530 472 1566 ad
500 1536 629 1567 cetera
656 1529 932 1567 Andromedae
962 1528 1177 1576 fragmenta
1205 1540 1305 1575 quae
1331 1528 1368 1564 in
1394 1527 1467 1565 hac
1494 1527 1675 1576 parodiae

103 1622 105 1624 .
168 1597 280 1639 parte
319 1592 438 1629 latere
479 1593 655 1630 videntur
694 1594 846 1637 attinet,
888 1592 999 1641 plura
1037 1591 1199 1629 fortasse
1239 1592 1318 1628 erui
1357 1596 1520 1640 possunt
1559 1601 1675 1639 quam

166 1654 346 1703 Nauck⁶)
382 1656 537 1704 recepit.
592 1656 694 1693 Vide
729 1656 1032 1704 Bakhuyzenum
1045 1656 1074 1702 ⁷)
1106 1648 1173 1702 'qui
1207 1656 1419 1691 accuratius
1454 1654 1502 1691 de
1537 1653 1610 1690 hac
1637 1665 1676 1689 re

169 1718 358 1757 disseruit.
841 1764 846 1771 .

270 1782 313 1818 In
347 1782 602 1818 Andromeda
643 1782 801 1818 ridenda
836 1771 1119 1829 Aristophanes
1159 1782 1297 1818 eadem
1336 1782 1451 1829 plane
1488 1787 1604 1828 atque
1640 1780 1678 1816 in

169 1844 343 1882 Helenae
379 1845 539 1893 parodia
575 1845 636 1881 via
675 1850 714 1881 et
750 1844 895 1898 ratione
922 1845 1050 1881 utitur.
1102 1843 1137 1880 E
1164 1844 1429 1881 diversissimis
1454 1843 1678 1892 tragoediae

169 1908 264 1945 locis
298 1908 507 1957 particulas
544 1908 719 1956 congerit
752 1908 802 1945 ad
837 1904 992 1962 scenam
1032 1908 1344 1956 componendam
1380 1913 1676 1956 congestasque,

169 1972 253 2019 ipse
281 1971 379 2008 alter
396 1971 610 2019 Euripides,
639 1971 694 2007 eis
719 1983 819 2019 quae
844 1966 895 2008 ¹de
922 1983 993 2008 suo
1021 1971 1071 2007 ad
1098 1971 1234 2008 miram
1260 1970 1484 2018 tragoediae
1511 1969 1678 2007 similitu·

167 2033 298 2072 ,dinem
322 2033 452 2071 efficta
478 2035 586 2070 addit
610 2039 691 2070 tam
719 2040 802 2070 arte
829 2023 1039 2081 coniungit,
1073 2039 1115 2070 ut
1139 2033 1411 2073 commissuras
1429 2034 1496 2069 vix
1514 2033 1678 2080 reperire

169 2108 373 2145 possimus.

273 2189 298 2228 1)
319 2191 410 2220 Herc.
438 2191 515 2227 1096
540 2192 719 2232 τυκίσματι
742 2189 845 2218 Fixius
865 2192 1055 2231 τειχίσματι
1076 2190 1145 2219 cod.

275 2241 301 2281 ²)
321 2244 432 2274 Nauck
453 2244 563 2282 fragm.
589 2249 645 2282 125
667 2238 879 2284 τυκισμοίτων
897 2243 1007 2281 Jacobs
1028 2236 1252 2285 reajgcopaoirwv
1273 2242 1362 2272 codd.

273 2296 300 2333 ³)
323 2298 407 2326 Med.
430 2298 489 2334 298
512 2307 574 2335 sq.:
601 2299 747 2327 σκαιοῖσι
768 2296 832 2338 μὲν
854 2295 920 2337 γὰρ
942 2295 1041 2326 καινὰ
1064 2298 1268 2338 προσφέρων
1291 2293 1382 2337 σοφὰ
1406 2293 1513 2330 δόξεις
1536 2292 1680 2336 ἀχρεῖος.

273 2348 300 2387 ⁴)
321 2350 430 2379 Nauck
451 2350 559 2388 fragm.
589 2358 656 2388 139.

254 2434 255 2437 ,
275 2401 300 2440 ⁶)
322 2403 430 2433 Utrum
453 2403 676 2442 Aristophanes
702 2402 917 2432 Andromedae
945 2401 1046 2432 locum
1074 2412 1112 2432 an
1144 2402 1305 2441 Euripides
1325 2394 1453 2431 Medeae
1480 2411 1599 2432 versum
1623 2410 1681 2440 299

175 2457 343 2491 mutaverit,
365 2457 415 2485 vix
435 2457 594 2485 diiudicari
616 2461 726 2494 potest.
1589 2451 1591 2455 ⁵

275 2506 302 2545 θ)
321 2507 429 2547 fragm.
454 2516 511 2546 127
534 2519 563 2539 v.
590 2517 622 2544 13
653 2509 719 2538 128.

274 2558 300 2598 ⁷)
322 2561 341 2591 l.
363 2562 383 2591 1.
409 2570 466 2600 134
487 2572 533 2600 sq.
