1826 3088
777 218 1029 258 -57-

152 312 303 361 cogitur
313 310 354 360 ¹).
407 311 533 348 Immo
567 309 670 347 nulla
705 310 841 358 parodi
873 323 962 360 pars
998 311 1201 348 desiderari
1231 317 1380 360 potest3
1423 312 1553 350 omnia
1579 324 1651 349 suo

153 375 240 413 loco
267 380 368 412 stare
395 380 511 422 atque
536 373 651 422 plane
666 374 868 410 ‘immerito
887 375 1131 422 Zielinskium
1157 375 1194 411 in
1212 375 1353 424 duplici
1371 376 1506 425 parodi
1527 375 1651 413 forma

153 438 322 475 haesisse
333 438 364 486 ²)
399 437 529 475 statim
564 436 729 480 videbis,
766 436 978 475 dummodo
1005 437 1153 485 singula
1180 439 1296 486 paulo
1323 439 1539 488 diligentius
1567 452 1649 488 per-

154 501 303 549 legeris.
348 501 477 537 Priore
504 500 593 537 loco
612 508 759 548 295—3
769 508 815 536 10
840 499 988 537 iubetur
1014 500 1152 537 chorus
1178 513 1208 551 a*
1227 513 1428 549 praecone,
1459 503 1522 550 qui
1542 508 1650 540 certo

155 563 313 601 consilio
340 564 508 611 pedestri
536 575 713 599 sermone
736 563 862 606 utitur,
891 564 1065 600 nimirum
1084 569 1125 600 ut
1143 565 1422 611 spectatoribus
1441 563 1652 615 ἐκκλησίας

153 628 283 676 imago
319 638 435 675 quam
472 626 640 663 maxime
675 637 859 674 expressa
893 631 980 664 ante
1013 626 1148 664 oculos
1183 633 1364 675 ponatur,
1402 628 1577 666 universe
1601 628 1650 664 de

155 691 343 728 contionis
361 689 509 726 futurae
526 689 631 726 bono
650 686 789 726 eventu
807 694 898 725 vota
915 702 1143 738 nuncupare.
1180 688 1236 727 At
1254 691 1290 727 in
1308 692 1520 739 posteriore
1539 697 1649 740 parte

157 761 352 800 332-351
393 753 442 789 ad
479 752 676 800 proprium
710 751 860 789 fabulae
893 758 1160 800 argumentum
1194 755 1327 790 transit
1353 754 1647 803 Aristophanes

154 816 214 853 Ne
250 815 325 852 hoc
360 815 514 863 quidem
541 815 628 851 loco
655 814 838 851 formulas
865 816 1050 862 quasdam
1077 827 1099 851 e
1125 816 1277 864 publica
1303 818 1379 853 vita
1406 818 1588 865 repetitas
1612 817 1649 853 in

156 879 381 916 comoediae
424 890 536 915 usum
579 883 801 915 convertere
845 878 1045 927 omittit⁸);
1088 880 1157 916 sed
1200 880 1274 916 iam
1320 880 1493 917 oratione
1533 881 1650 918 utitur

156 942 321 979 numeris
347 942 485 986 vincta,
514 941 590 978 iam
616 941 806 989 Euripidis
827 954 878 978 ιν.
908 950 980 989 337
1008 941 1051 978 fit
1077 943 1220 979 mentio
1247 949 1405 991 totaque
1431 944 1649 980 adhortatio

157 1017 254 1053 quae
274 1005 366 1041 satis
386 1003 622 1041 sollemniter
639 1004 767 1052 incipit
785 1004 833 1040 ad
852 1004 1036 1041 ludicrum
1056 1004 1277 1049 deflectitur,
1311 1018 1398 1042 cum
1413 1007 1649 1043 domesticae

155 1067 356 1104 mulierum
389 1066 587 1103 molestiae
615 1072 653 1103 et
678 1066 946 1104 sollicitudines
973 1066 1107 1104 festive
1133 1079 1220 1104 cum
1247 1068 1407 1115 publicis
1434 1070 1533 1105 curis
1562 1081 1649 1105 con-

155 1132 369 1178 iungantur.
407 1130 558 1166 Vereor
585 1142 632 1171 ne
659 1130 856 1166 venustior
872 1135 986 1176 atque
1005 1129 1242 1167 artificiosior
1260 1131 1440 1167 transitus
1458 1132 1507 1167 ad
1526 1132 1648 1179 ipsam

155 1193 375 1230 contionem
402 1191 482 1229 fieri
509 1205 586 1229 non
611 1192 788 1240 potuerit.
833 1191 996 1228 Multum
1024 1192 1136 1240 igitur
1163 1192 1283 1234 abest,
1310 1198 1351 1229 ut
1379 1193 1494 1229 ullam
1514 1194 1648 1241 parodi

155 1262 306 1306 partem
332 1277 383 1283 —
411 1253 500 1292 nam
519 1255 624 1292 chori
641 1255 759 1291 verba
777 1255 918 1302 quippe
937 1267 1035 1301 quae
1055 1255 1195 1302 duplici
1213 1257 1413 1302 praeconis
1430 1256 1649 1293 allocutioni

155 1321 413 1369 respondeant
440 1332 463 1356 a
487 1319 640 1367 reliquis
666 1318 857 1367 segregari
884 1330 959 1355 non
986 1330 1102 1366 posse
1121 1323 1283 1367 apparet
1301 1340 1344 1346 —-
1369 1317 1644 1368 »Calligeniaffl

155 1384 412 1433 concedamus
422 1383 466 1431 4).

257 1446 366 1483 Haec
402 1451 491 1482 sunt
518 1457 617 1492 quae
644 1445 818 1482 Zielinski
844 1438 1296 1492 Thesmophoriazusis'a
1323 1445 1533 1493 opprobrio
1560 1448 1646 1492 dat;

155 1510 262 1546 vides
297 1521 386 1545 eum
424 1508 628 1545 offendisse
655 1508 692 1543 in
718 1508 772 1544 eis
798 1520 895 1555 quae
921 1507 1036 1555 plana
1063 1513 1171 1550 sunt,¹
1203 1499 1415 1545 dummodo
1447 1509 1648 1556 diligenter

256 1648 281 1686 1)
302 1660 332 1687 p.
350 1649 405 1686 87:
431 1647 534 1685 »Dass
555 1656 622 1675 nun
643 1647 690 1674 die
710 1646 808 1675 beiden
826 1646 923 1675 Gebete
941 1661 982 1667 —
1002 1662 1044 1667 ——-
1061 1655 1177 1684 genaue
1190 1646 1438 1684 Dittograplzieen
1460 1647 1547 1681 scien,
1572 1640 1651 1684 laſs!

154 1702 216 1730 siclt
237 1702 270 1730 in
292 1701 435 1730 Hinmick
456 1700 522 1738 auf
536 1700 582 1728 die
612 1699 861 1727 Versclciedenheit
879 1699 931 1727 der
950 1699 1154 1736 angerusenen
1180 1699 1283 1727 Giitter
1302 1699 1387 1726 nicht
1405 1699 1600 1736 belzaupten«.

256 1753 281 1792 2)
301 1765 331 1793 p,
354 1754 410 1790 84³
449 1753 528 1782 ,Die
551 1761 646 1790 ganze
667 1751 802 1780 Parodos
829 1752 936 1781 besteht
962 1762 1020 1781 aus
1042 1752 1114 1780 zwei
1137 1751 1256 1780 Gebeten
1278 1752 1327 1780 des
1351 1751 1473 1787 Chares,
1505 1752 1597 1780 denen
1611 1753 1649 1790 je

154 1809 201 1837 ein
225 1809 311 1837 Gebet
329 1809 382 1837 der
401 1806 584 1845 Spreclzerin,
612 1808 672 1834 erst
693 1805 725 1833 in
741 1806 850 1839 Prosa,
873 1806 954 1834 darm
976 1806 1009 1833 in
1029 1806 1058 1833 T
1055 1805 1194 1833 rimetern
1215 1805 1389 1842 vorangclzt.
1422 1803 1483 1832 Die
1498 1805 1651 1833 Zweizalzl

154 1862 195 1889 ist
215 1883 223 1891 .
246 1884 253 1891 .
276 1883 284 1891 .
306 1861 365 1889 wir
384 1860 497 1897 dz'c'rfen
518 1859 602 1887 nicht
621 1867 712 1895 sagen
733 1859 918 1897 unzula'ssig‚
943 1859 1012 1886 aber
1031 1858 1103 1886 doch
1125 1857 1206 1886 recht
1226 1857 1432 1896 auffallende.

255 1912 282 1950 ⁸)
302 1914 382 1951 Apte
403 1912 568 1950 comparari
589 1916 716 1949 possunt
730 1911 851 1940 Thesm.
867 1919 903 1949 33
907 1918 923 1948 5
940 1920 1005 1948 sqq.
1028 1920 1096 1939 cum
1111 1911 1268 1948 plebiscito
1283 1911 1499 1948 Demophanfi,
1524 1911 1645 1940 Andoc.

156 1969 233 2008 περὶ
255 1967 322 1997 τῶν
341 1968 531 2008 μυστηρίων
554 1963 574 2004 ξ
596 1971 653 2002 97:
686 1960 704 1993 ὁ
727 1962 765 1994 δὲ
786 1960 904 2005 ὃρκος
928 1963 1008 1994 ἔστω
1035 1961 1108 1994 ὅδε·
1132 1963 1235 1993 κτενῶ
1258 1985 1265 1992 .
1283 1985 1290 1992 .
1306 1986 1313 1993 .
1329 1987 1336 1994 .
1360 1958 1395 1997 ὃς
1416 1958 1459 1993 ἂν
1479 1962 1647 2006 καταλύσῃ
1695 1983 1699 1987 -

154 2020 214 2061 τὴν
243 2021 472 2062 δημοκρατίαν
501 2016 560 2056 τὴν
586 2013 762 2056 Ἀθήνησιν
790 2020 847 2047 καί
872 2039 879 2046 .
902 2038 909 2045 .
933 2038 939 2045 .
962 2039 970 2046 .
1000 2012 1058 2046 ἐάν
1085 2027 1134 2050 τις
1155 2019 1329 2057 τυραννεῖν
1351 2014 1521 2059 ἐπαναστῇ
1542 2012 1564 2055 ἢ
1587 2015 1646 2047 τὸν

154 2073 316 2115 τύραννον
342 2067 603 2114 συγκαταστήσῃ.

256 2127 283 2166 4)
303 2127 351 2157 Ne
374 2126 451 2155 illud
472 2125 595 2164 quidem
617 2124 780 2154 Zielinskio
801 2123 943 2159 concedo,
967 2122 1059 2161 priori
1082 2122 1236 2161 praeconis
1261 2122 1462 2152 adhortationi
1483 2122 1648 2161 posteriora

155 2182 237 2211 chori
258 2181 364 2214 verba,
396 2178 553 2217 posteriori
573 2181 673 2206 autem
694 2170 756 2205 eius
777 2176 951 2205 allocutioni
973 2176 1086 2213 priores
1109 2175 1193 2204 chori
1214 2185 1317 2213 preces
1338 2176 1528 2213 respondere.
1570 2176 1649 2205 Satis

158 2239 267 2274 aperte,
291 2238 323 2263 ut
345 2232 553 2271 gravissimam.
572 2230 692 2259 afferam
713 2239 786 2264 rem,
812 2228 842 2257 in
864 2226 985 2257 chorico
1008 2228 1170 2266 posteriore
1193 2228 1252 2266 356
1274 2236 1356 2265 sqq.:

480 2281 606 2315 ὁπόσαι
628 2280 662 2314 δ’
676 2282 883 2319 ἐξαπατῶσιν
904 2284 1154 2323 παραβαίνουσί
1175 2291 1209 2311 τε
1232 2278 1309 2315 τούς

481 2335 598 2380 ὅρκους
618 2335 695 2371 τοὺς
715 2336 973 2377 νενομισμένους

479 2442 500 2481 ἢ
521 2447 721 2483 ψηφίσματα
742 2444 798 2472 καὶ
821 2439 928 2484 νόμον

479 2492 603 2536 ζητοῡσ’
627 2491 905 2535 ἀντιμεθιστάναι

156 2555 195 2583 ad
227 2552 421 2592 posteriorem
453 2549 608 2588 praeconis
637 2548 894 2582 adhortationem,
930 2557 1007 2585 quae
1037 2548 1105 2577 illos
1134 2547 1215 2585 ipsos
1248 2547 1505 2588 νενομισμένους
1530 2541 1650 2586 ὅρκους

156 2606 208 2644 (cf.
231 2604 405 2643 psephisma
425 2600 645 2640 Demophanti)
665 2602 811 2634 continet,
836 2606 979 2639 spectant.
