1826 3088
777 268 827 275 ...
881 257 921 285 21
979 268 1031 275 ..-

509 344 678 399 κίρῡκας
703 345 807 397 ἐμῶν
827 346 1001 398 μόχθων.

496 468 672 525 βάσκετ’,
699 470 875 523 ἐπείγετε
900 470 1035 521 πάσας
1060 468 1159 512 καθ’
1189 469 1307 522 ὁδούς

497 535 608 585 κείνᾳ
632 533 759 588 ταύτᾳ
762 565 921 578 .....

542 859 544 861 .
868 823 931 860 III.

486 973 489 976 ¹
546 923 631 967 DE
664 924 933 969 TELEPHI
965 924 1258 969 PARODIA.

254 1107 297 1144 In
333 1108 387 1145 eis
421 1120 520 1155 quae
555 1108 789 1146 absolvimus
827 1109 910 1157 ipse
936 1109 1217 1158 Aristophanes
1242 1108 1353 1146 claris
1378 1107 1504 1145 verbis
1530 1118 1650 1156 quam

155 1170 332 1207 illusurus
358 1176 460 1207 esset
485 1171 724 1218 tragoediam
751 1171 959 1208 indicabat:
999 1170 1002 1173 ’

154 1233 311 1271 Thesm.
340 1232 416 1281 769
442 1244 548 1281 sqq.:
844 1228 922 1273 οἶδ’
954 1231 1032 1284 ἐγὼ
1057 1233 1126 1273 καὶ
1153 1230 1196 1272 ὁὶ
1229 1231 1353 1283 πόρον

582 1294 626 1334 ἐκ
651 1298 720 1334 τοῦ
745 1295 1026 1348 Παλαμήδους·
1055 1293 1107 1344 ὥς
1133 1296 1280 1343 ἐκεῖνος
1304 1293 1374 1343 τὰς
1399 1293 1556 1344 πλάτας

581 1357 691 1409 ῥίψω
718 1355 888 1409 γράφων.

370 1423 442 1470 847
470 1434 548 1469 sq.:
1040 1418 1108 1461 οὐκ
1136 1417 1227 1461 ἔσθ’
1259 1418 1370 1467 ὅπως

583 1481 627 1522 οὐ
652 1482 719 1523 τὸν
744 1483 985 1536 Παλαμήδην
1011 1483 1160 1535 ψυχρὸν
1187 1480 1265 1524 ὅντ’
1296 1483 1533 1532 αἰσχύνεται.

456 1548 548 1595 85οε
747 1544 816 1601 τὴν
841 1545 976 1600 καινὴν
996 1543 1151 1599 Ἑλένην
1172 1549 1408 1597 μιμήσομαι.

326 1620 422 1647 1010
448 1622 554 1658 sqq.:
583 1605 677 1661 ἁνὴρ
704 1608 829 1649 ἔοικεν
853 1609 896 1649 οὐ
922 1611 1155 1661 προδώσειν,
1183 1607 1284 1650 ἄλλά
1307 1625 1377 1660 μοι

581 1675 742 1724 σημεῖον
764 1669 988 1725 ὑπεδήλωσε
1012 1672 1183 1725 Περσεὺς
1206 1671 1435 1724 ἐκδραμώνκ

580 1731 641 1775 ὅτι
668 1737 730 1775 δεῖ
754 1751 803 1785 με
829 1734 1002 1787 γίγνεσθ’
1022 1737 1296 1788 Ανδρομέδαν.

259 1799 393 1848 Neque
429 1805 559 1837 tamen
594 1799 631 1835 in
667 1800 813 1849 reliqua
843 1802 1068 1838 comoediae
1094 1807 1203 1850 parte
1230 1813 1379 1838 musam
1407 1801 1654 1848 Euripideam

157 1863 345 1900 lacessere
372 1864 509 1900 omisit.
553 1863 691 1900 Restat
717 1865 876 1912 parodia
901 1864 1041 1901 virtute
1066 1870 1182 1912 atque
1200 1864 1389 1913 elegantia
1407 1876 1484 1901 non
1502 1862 1656 1900 inferior

158 1937 274 1973 quam
307 1931 458 1963 ceterae
493 1938 591 1974 quas
625 1938 742 1974 supra
777 1927 981 1974 tetigimus.
1046 1926 1174 1974 Quam
1210 1940 1298 1964 cum
1325 1928 1362 1963 in
1389 1928 1654 1974 quaestionem

155 2002 294 2027 vocare
329 1991 557 2035 audeamus,
594 1990 814 2028 obscuriore
849 1990 959 2027 nobis
995 2003 1111 2038 quam
1146 1991 1181 2027 in
1219 1990 1370 2038 reliquis
1397 1990 1566 2039 parodiis
1593 1990 1654 2027 via

155 2053 324 2089 eundum
365 2058 435 2091 est.
502 2053 602 2089 Na'm
647 2053 873 2090 scholiastas
915 2053 1029 2100 plane
1073 2053 1169 2101 fugit
1206 2059 1359 2101 praeter
1394 2053 1651 2096 Palamedem,

155 2115 358 2160 Helenam,
386 2116 691 2169 Andromedam·
707 2122 883 2165 quartam
900 2115 1090 2165 Euripidis
1109 2117 1358 2165 tragoediam,
1388 2117 1493 2153 cuius
1511 2127 1653 2153 nomen

155 2191 232 2215 non
271 2178 383 2216 affert
418 2179 719 2228 Aristophanes,
741 2180 810 2215 im
846 2191 986 2226 magna
1021 2180 1507 2227 Thesmophoriazusarum
1542 2185 1655 2227 parte

156 2242 318 2286 irrideri,
354 2242 423 2279 nisi
459 2226 565 2291 q'uod
602 2242 651 2279 ad
677 2254 794 2280 unum
820 2242 948 2297 locum
977 2242 1148 2290 (Thesm.
1181 2242 1264 2290 519)
1293 2241 1439 2279 fontem
1464 2242 1654 2290 tragicum

154 2305 424 2344 indicaverunt.

257 2368 408 2405 Tamen
444 2381 579 2406 omnes
615 2369 679 2417 qui
716 2369 802 2405 inde
836 2381 858 2405 a
885 2368 1094 2405 Fritzschio
1129 2374 1168 2405 et
1195 2368 1444 2415 Welcker01)
1474 2369 1653 2415 pai-odias

154 2430 462 2480 Aristophaneas
497 2432 708 2470 accuratius
744 2432 1009 2481 expenderunt
1043 2432 1286 2469 consentiunt
1321 2432 1358 2468 in
1385 2430 1652 2479 Thesmopho-

155 2494 309 2532 riazusis
346 2494 564 2544 Telephum
590 2495 837 2544 Euripideam
878 2496 1096 2543 perstringi,
1138 2495 1363 2544 praesertim
1404 2507 1492 2532 cum
1532 2495 1652 2532 schol.

257 2638 283 2676 1)
304 2639 323 2668 l.
344 2639 366 2669 1.
388 2639 419 2669 ΙΙ
440 2647 509 2675 49¹·
