1826 3088
764 234 1014 273 „25-

74 346 77 349 ·
139 326 249 364 huius
281 326 355 364 loci
389 327 590 376 parodiam
623 336 712 364 esse
737 328 1025 365 contendamus.
1079 327 1138 364 Ita
1162 327 1263 364 enim
1288 328 1444 364 triverat
1468 326 1638 374 tragicos

138 391 319 434 comicus,
347 395 390 427 ut
415 402 531 439 saepe
557 391 621 427 ubi
649 390 816 439 graviter
841 390 1042 439 loquentes
1069 391 1263 427 induceret
1289 401 1475 439 personas
1498 390 1637 438 impru-

138 453 233 490 dens
259 464 328 490 eos
354 454 599 490 imitaretur«.
644 452 760 489 Certe
787 463 864 488 non
884 452 1182 490 Andromachae
1208 453 1334 490 locum
1354 453 1637 501 Aristophanes

139 516 350 554 imitatione
388 517 597 565 expressit;
638 521 679 553 at
718 528 766 553 ne
807 515 1087 563 imprudentem
1122 528 1209 553 eum
1246 517 1321 553 hoc
1355 516 1512 565 quidem
1548 516 1636 553 loco

138 578 298 616 exordia
324 579 541 616 nuntiorum
559 579 792 627 tragoediae,
822 579 885 626 qui
905 580 1126 627 priusquam
1145 579 1194 615 ad
1213 579 1251 614 id
1268 581 1373 626 quod
1392 580 1635 627 propositum

137 647 198 679 est
232 644 417 680 accedant
444 644 492 680 de
519 655 561 680 se
587 643 678 691 ipsis
704 643 823 680 verba
849 642 973 680 facere
999 642 1144 686 solent,
1181 634 1315 680 imitari
1343 643 1543 680 credamus
1569 642 1635 679 im-

137 704 245 754 pedit
280 706 385 754 quod
420 716 497 742 non
530 704 569 742 hi
603 705 730 743 solum
764 716 898 742 versus
932 706 1001 742 sed
1032 705 1147 741 etiam
1175 717 1274 753 quae
1300 707 1428 742 statim
1455 706 1636 754 sequitur,

138 768 364 806 Mnesilochi
400 769 545 817 agnitio
583 770 620 806 in
644 769 782 806 ‘media
808 769 970 817 Telephi
1006 769 1165 817 parodia
1195 769 1321 818 posita
1347 775 1445 809 sunt.
1500 769 1635 817 Itaque

138 830 296 878 propius
332 842 448 878 quam
470 830 593 879 Jahnii
621 831 753 879 opinio
779 837 907 868 nostra
934 831 1123 868 sententia
1149 832 1198 868 ad
1224 832 1423 868 veritatem
1451 833 1634 868 accedere

136 893 295 939 videtur,
324 905 402 932 non
427 894 553 943 ipsum
572 893 789 943 Telephum
816 894 853 931 in
878 894 1078 943 tragoedia
1104 900 1232 943 partes
1260 906 1347 931 suas
1374 893 1474 931 male
1498 894 1633 941 egisse,

137 957 205 993 sed
242 956 414 994 Achivos
453 970 505 994 ex
544 957 620 994 alio
659 958 849 1004 quodam,
891 958 996 994 cuius
1036 969 1241 1005 personam
1275 958 1557 1006 Aristophanes
1598 958 1635 994 in

137 1018 331 1057 Clisthene
358 1020 519 1063 retinuit,
546 1021 632 1068 quis
659 1021 854 1057 mendicus
881 1020 942 1057 ille
970 1031 1103 1056 revera
1129 1026 1242 1069 esset,
1270 1021 1506 1069 comperisse
1517 1021 1559 1069 l).

238 1083 363 1120 Multo
391 1083 504 1131 igitur
530 1084 652 1120 maior
677 1084 899 1131 tragoediae
921 1095 1011 1132 pars
1031 1094 1147 1130 quam
1167 1083 1334 1131 vulgaris
1351 1089 1412 1121 est
1429 1084 1634 1121 doctorum

136 1147 334 1191 sententia,
354 1145 763 1195 Thesmophoriazusis
780 1147 1012 1183 continetur:
1034 1146 1259 1183 Mnesilochi
1278 1146 1401 1183 oratio
1419 1147 1568 1194 466--5
1580 1157 1634 1194 19,

134 1210 280 1257 agnitio
310 1210 519 1257 575—654,
556 1208 749 1260 σωτηρίας
773 1209 923 1260 μηχανή
948 1210 1025 1257 689
1052 1222 1137 1257 sqq.
1166 1222 1187 1246 e
1214 1209 1392 1258 Telepho
1419 1216 1633 1248 manarunt.

136 1272 285 1310 Tamen
321 1285 368 1310 ne
404 1273 461 1310 his
497 1274 651 1322 quidem
679 1272 817 1310 finibus
843 1279 965 1310 totam
992 1273 1216 1321 tragoediae
1242 1273 1441 1321 parodiam
1467 1274 1635 1310 coerceri

137 1324 365 1373 existimem.
428 1337 492 1373 Ex
525 1336 732 1384 Euripidea
775 1337 920 1373 ratione
965 1349 1053 1373 cum
1094 1336 1263 1373 maxima
1299 1337 1468 1374 veritatis
1507 1337 1634 1384 specie

138 1398 318 1447 colligere
355 1398 461 1443 licet,
503 1398 541 1435 in
576 1398 753 1447 Telepho
789 1398 926 1447 longae
958 1400 1059 1447 regis
1094 1399 1254 1435 orationi
1289 1399 1403 1435 aliam
1439 1401 1633 1448 quandam

135 1460 296 1498 fortasse
315 1474 337 1498 a
357 1462 534 1499 Menelao
546 1462 576 1510 2)
601 1462 772 1499 habitam
790 1463 963 1503 anteisse.
1006 1463 1277 1499 Adversariam
1297 1462 1401 1499 illam
1419 1464 1633 1500 orationem

135 1524 366 1560 continuisse
400 1536 465 1561 eas
500 1525 782 1562 criminationes
808 1537 831 1561 a
857 1525 994 1571 quibus
1021 1525 1216 1572 Telephus
1251 1537 1292 1561 se
1324 1525 1493 1562 defendit
1519 1528 1634 1563 docet

136 1586 270 1635 fragm.
299 1587 393 1634 706:

391 1656 637 1711 ’Ἀγάμεμνον
663 1658 746 1701 οὐδ’
779 1661 813 1701 εἱ
841 1661 1006 1701 πέλεκυν
1032 1662 1073 1700 ἐν
1098 1663 1227 1712 χεροῖν
1255 1660 1353 1710 ἔχων

403 1725 546 1773 μέλλοι.
566 1739 626 1772 τις
651 1723 709 1771 εἰς
734 1722 921 1777 τράχηλον
947 1723 1132 1776 ἐμβαλεῖν
1159 1722 1252 1773 ἐμόν

404 1786 616 1839 σιγήσομαι
638 1785 784 1827 ,δίκαιά
809 1785 843 1838 γ’
873 1784 1071 1827 ἀντειπεῖν
1097 1787 1197 1837 ἔχων
1207 1790 1252 1838 ³).

237 1856 352 1892 Adde
388 1855 603 1903 fragmenta
629 1857 826 1904 708—711
868 1869 917 1893 ex
949 1857 1033 1905 ipsa
1060 1856 1222 1905 Telephi
1258 1857 1431 1894 oratione
1458 1858 1630 1905 repetita,

136 1930 234 1966 quae
271 1924 402 1966 aperte
438 1919 644 1964 ostendunt
678 1923 809 1967 regern
836 1919 1036 1967 Mysorum
1072 1919 1121 1956 ad
1154 1926 1258 1957 certa
1284 1921 1475 1967 quaedam
1502 1921 1631 1956 adver-

135 1981 220 2018 sarii
257 1981 414 2018 crimina
451 1993 654 2020 recurrere.
707 1982 844 2019 Nonne
879 1981 983 2018 illam
1018 1993 1174 2029 quoque
1209 1983 1376 2030 priorem
1408 1983 1630 2030 tragoediae

135 2044 349 2081 orationem
384 2045 421 2081 in
459 2044 586 2082 verbis
626 2045 792 2082 mulieris
818 2047 864 2082 A
890 2044 1048 2085 Thesm,
1079 2046 1148 2091 383
1178 2056 1262 2093 sqq.
1292 2045 1341 2081 ab
1375 2045 1630 2093 Aristophane

238 2187 263 2226 ¹)
283 2188 421 2217 Fortasse
453 2189 516 2218 eius
548 2188 600 2227 qui
631 2188 661 2218 in
693 2188 848 2226 tragoedia
879 2188 1017 2226 Telepho
1051 2188 1181 2217 mendici
1213 2197 1374 2227 personam
1410 2188 1537 2218 detraxit
1569 2194 1633 2218 erat

134 2241 240 2278 fragm.
266 2249 333 2277 704.
355 2258 394 2262 —
417 2241 466 2269 Ad
488 2241 617 2279 Telephi
637 2241 823 2279 agnitionem
844 2241 934 2269 etiam
956 2251 1026 2270 cum
1047 2242 1150 2280 aliqua
1169 2241 1389 2279 probabilitatis
1410 2242 1510 2280 specie
1531 2241 1633 2270 referri

134 2299 260 2332 possunt
282 2293 370 2322 anx-ia
392 2293 455 2322 eius
476 2293 567 2322 verba
588 2293 666 2331 Egn.
693 2300 770 2328 1240
790 2292 912 2330 (Nauck
931 2292 1039 2332 fragm.
1067 2293 1139 2331 700)
1162 2288 1188 2322 ὦ
1212 2290 1314 2332 Φοῖβ’
1330 2291 1493 2324 Ἄπολλον
1514 2293 1632 2329 Λύκιε,

134 2349 168 2377 τί
188 2347 273 2377 ποτέ
292 2343 327 2386 μ’
362 2343 497 2387 ἐργάσει
504 2359 515 2384 ;
540 2356 609 2376 cum
630 2346 660 2375 in
686 2346 830 2385 Equitum
852 2355 972 2384 quoque
993 2346 1048 2376 illo
1069 2347 1138 2376 loco
1159 2346 1198 2375 de
1220 2346 1375 2384 agnitione
1399 2346 1493 2385 iliqua
1514 2351 1632 2385 agatur.

237 2398 262 2436 2)
282 2400 464 2437 Bakhuyzen
493 2410 524 2438 p.
547 2408 581 2428 21
611 2399 769 2428 arbitratur
801 2399 917 2428 Ulixem
944 2399 1146 2428 adversarium
1173 2400 1304 2437 Telephi
1332 2400 1363 2428 in
1390 2400 1551 2429 certamine
1577 2400 1631 2428 illo

134 2452 294 2481 verborum
316 2452 417 2481 fuisse.
459 2452 519 2481 Sed
548 2462 688 2481 numerus
709 2461 901 2490 personarum
923 2451 1012 2481 nimis
1033 2452 1087 2481 tali
1109 2452 1272 2490 opionione
1293 2457 1429 2490 augetur.
1472 2453 1579 2490 Itaque
1600 2452 1631 2480 in

135 2506 240 2535 ultima
261 2506 382 2534 demum
404 2506 576 2543 tragoediae
603 2511 687 2544 parte
712 2505 831 2535 Ulixem
852 2503 982 2543 (Hygin.
1008 2505 1079 2543 101)
1100 2505 1131 2534 in
1153 2515 1272 2535 scenam
1298 2506 1432 2544 prodisse
1455 2505 1630 2534 existimem.

236 2557 263 2596 ⁸)
282 2559 321 2588 cf.
344 2558 466 2587 Thesm.
490 2565 563 2595 542:
589 2557 637 2588 εἶτ
659 2557 728 2589 εἶπ
738 2570 783 2589 ον
805 2555 1015 2598 ἁγίγνωσκον
1039 2557 1123 2600 ὑπὲρ
1144 2557 1336 2597 Εὐριπίδου
1359 2559 1499 2590 δίκαια

487 2617 560 2649 545:
588 2608 670 2652 ὑπὲρ
693 2607 815 2653 ἀνδρὸς
836 2608 1054 2641 ἀντειπεῖν
1078 2607 1113 2645 ὃς
1132 2608 1218 2651 ἡμᾶς
1244 2610 1353 2641 πολλὰ
1373 2610 1457 2641 κακὰ
1472 2610 1630 2652 δέδρακεν
