1826 3088
765 261 1016 298 -32-

104 402 107 405 ‚
136 350 294 387 Thesm.
324 352 373 395 84
400 348 670 401 ἐκκλησιάζειν
697 347 766 389 ἐπ’
797 348 954 403 ὀλέθρῳ
980 374 1032 383 -—
1071 360 1075 364 '

318 422 369 460 90
396 408 692 464 ἐκκλησιάσοντ’
725 412 765 452 ἐν
790 416 880 461 ταῖς
904 413 1081 465 γυναιξίν
1105 436 1157 443 -

320 484 392 522 277
421 489 480 524 sq·
759 475 803 516 τὸ
828 479 897 524 τῆς
924 476 1134 528 ἐκκλησίας

502 541 664 588 σημεῖον
692 539 732 578 ἐν
756 542 810 591 τῷ
836 539 1117 591 θεσμοφορείῳ
1144 538 1339 590 φαίνεται.

317 610 389 646 292
419 613 476 647 sq.
506 602 586 639 ποῦ
613 602 694 640 ποῦ
720 598 920 650 καθίζωμ’
954 602 994 641 ἐν
1019 602 1139 653 καλῷ,
1166 603 1243 640 τῶν
1268 599 1439 652 ῥητόρων

501 658 554 700 ἵν’
586 661 781 711 ἐξακούω;

318 735 394 772 300
421 723 634 777 ἐκκλησίαν
661 724 775 778 τήνδε
793 757 802 766 .
824 757 830 763 .
851 758 860 767 .
883 757 890 764 .
911 727 1101 766 κάλλιστα
1127 727 1196 766 καὶ
1224 724 1367 776 ἄριστα
1393 729 1560 779 ποιῆσαι
1591 750 1637 756 —-

318 788 392 834 306
418 786 486 838 τὴν
511 785 548 826 τ’
582 785 845 838 ἀγορεύουσαν
870 789 919 828 τὰ
946 789 1131 838 βέλτιστα
1158 788 1251 838 περὶ
1277 787 1343 828 τὸν
1370 789 1494 839 δ’ἱμον

415 847 483 888 τὸν
508 851 586 887 τῶν
612 852 804 900 γυναικῶν
826 849 965 902 ταύτην
990 853 1102 890 νικᾶν
1130 873 1176 879 -

317 922 389 961 372
418 924 504 961 sqq.
959 911 1069 962 ἔδοξε
1093 915 1140 966 τῇ
1167 914 1291 965 βουλῇ
1317 913 1411 953 ταδί

522 977 570 1027 τῇ
595 977 671 1014 τῶν
698 978 906 1026 γυναικῶν·
947 1007 1339 1018 ...........

526 1100 739 1151 ἐκκλησίαν
764 1104 898 1141 ποιεῖν

315 1166 390 1210 380
416 1162 590 1214 περίθου
618 1165 684 1202 νῦν
708 1161 819 1203 τόνδε
845 1168 1004 1214 πρῶτον
1030 1165 1127 1216 πρὶν
1154 1165 1299 1215 λέγειν·

316 1228 382 1273 381
876 1227 1116 1277 χρέμπτεται
1145 1225 1218 1278 γὰρ
1244 1223 1319 1280 ἤδη

362 1339 364 1342 Ι
415 1285 515 1338 ὅπερ
542 1283 704 1327 ποιοῦσ’
736 1288 774 1327 οἱ
802 1287 957 1339 ῥήτορες
984 1313 1028 1319 -

310 1354 385 1400 657
414 1364 471 1400 sq.
970 1352 1039 1391 καὶ
1066 1352 1305 1402 περιθρέξαι

494 1413 561 1466 τήν
589 1411 719 1453 πύκνα
746 1415 880 1453 πᾶσαν
908 1446 916 1454 .
946 1445 955 1454 .
985 1417 1050 1465 .¹).

226 1478 271 1515 In
316 1477 390 1515 hac
435 1478 655 1515 mulierum·
682 1480 859 1516 contione
900 1478 1162 1515 Mnesilochus
1214 1480 1424 1516 secundum
1469 1478 1633 1526 Telephi

123 1540 326 1589 exemplar
361 1553 519 1579 causam
546 1541 739 1590 Euripidis
773 1540 964 1586 defendit;
1000 1542 1172 1578 omnium
1208 1542 1357 1580 animos
1392 1553 1543 1577 summa
1579 1541 1633 1587 ira

121 1603 345 1647 exacerbat,
374 1616 441 1651 per
464 1603 702 1642 Clisthenem
730 1605 881 1651 agnitus
906 1617 930 1641 a
956 1604 1176 1641 mulieribus
1204 1604 1357 1641 infensis
1384 1603 1631 1651 comprehen-

121 1665 233 1702 ditur.
287 1666 370 1702 Iam
406 1671 490 1703 tota
523 1668 655 1703 contio
693 1666 873 1704 oblivioni
909 1668 1041 1711 datur3
1078 1679 1144 1703 cur
1178 1667 1427 1704 convenerint
1454 1666 1631 1703 mulieres

120 1728 265 1765 scilicet
301 1735 343 1765 ut
370 1729 592 1776 Euripidem
629 1730 921 1775 ulciscerentur,
954 1741 1076 1777 usque
1112 1730 1160 1766 ad
1196 1729 1312 1766 finem
1340 1729 1491 1766 fabulae
1518 1728 1631 1776 plane

120 1791 350 1841 neglegitur.
404 1791 494 1828 Non
530 1792 606 1829 iam
634 1793 683 1830 de
710 1793 903 1841 puniendo
930 1792 1129 1840 Euripide,
1168 1792 1237 1829 sed
1262 1792 1390 1829 solum
1417 1792 1466 1828 de
1494 1791 1630 1828 Mnesi-

120 1855 236 1891 locho
262 1854 461 1891 liberando
489 1855 625 1903 agitur.
680 1856 761 1906 Iam
789 1856 876 1893 illae
902 1856 1032 1893 πᾶσαι
1057 1855 1189 1903 τέχναι
1215 1868 1349 1893 versus
1376 1864 1458 1903 371,
1487 1855 1524 1891 in
1551 1867 1630 1902 quo

120 1918 348 1955 comoediae
380 1923 651 1966 argumentum
689 1919 813 1956 inesse
848 1930 965 1967 supra
992 1919 1173 1966 suspicati
1199 1930 1351 1963 sumus,
1388 1918 1628 1961 adhibentur,

119 1993 282 2029 quarum
329 1980 403 2018 alia
451 1980 566 2018 aliam
604 1981 749 2030 excipit
791 1982 915 2019 donec
964 1980 1092 2022 fabula
1144 1981 1251 2018 finita
1288 1987 1358 2019 est.
1426 1981 1629 2029 Euripides

116 2040 419 2096 μηχανορῤάφος
446 2044 629 2088 irridetur,
658 2044 734 2082 hoc
757 2050 815 2081 est
834 2044 1036 2082 consilium
1056 2044 1557 2092 Thesmophoriazusarum.
1581 2065 1625 2070 -—

217 2106 445 2153 Priusquam
478 2107 578 2144 hanc
614 2108 844 2144 sententiam
881 2109 1007 2156 magis
1041 2107 1269 2145 confirmare
1296 2108 1520 2144 studeamus
1548 2106 1627 2143 reli·

116 2181 234 2218 quam
262 2182 419 2218 quoque
446 2168 599 2207 fabulae
627 2175 778 2218 partem
806 2176 1096 2218 percensentes,
1134 2170 1293 2219 paulum
1321 2183 1393 2207 nos
1420 2169 1626 2206 subsistere

115 2238 232 2280 atque
269 2233 453 2269 nonnulla
488 2234 537 2269 de
572 2245 740 2281 persona
768 2232 995 2271 Mnesilochi
1030 2246 1188 2271 monere
1224 2246 1380 2270 necesse
1416 2238 1485 2270 est.
1537 2232 1626 2270 Non

115 2300 248 2344 potest
281 2295 431 2343 negari,
470 2296 626 2344 copiam
652 2307 904 2344 personarum
932 2295 1205 2345 Aristophanis
1231 2295 1334 2334 haud
1364 2297 1417 2333 ita
1444 2306 1626 2341 magnam

114 2370 210 2413 esse.
257 2358 420 2407 Saepius
444 2359 481 2395 in
499 2358 638 2396 fabulis
657 2359 782 2396 eidem
801 2359 977 2397 homines
995 2360 1093 2397 bene
1112 2360 1204 2404 noti,
1232 2347 1307 2398 alio
1325 2360 1452 2397 solum
1472 2359 1626 2396 nomine

198 2522 243 2561 ¹¹)
263 2523 301 2553 ef.
326 2523 357 2552 in
379 2523 552 2553 universum
574 2524 659 2553 inam
680 2523 852 2561 ἐκκλησίας
874 2520 1158 2566 προπαρασκευήν
1180 2524 1264 2554 Eccl.
1289 2523 1447 2563 100-—285
1471 2529 1501 2553 et
1522 2524 1626 2563 Eurip.

115 2576 217 2606 Orest.
231 2576 291 2613 877
310 2585 393 2615 sqq.;
416 2577 456 2605 ad
477 2571 650 2614 supremum
672 2576 863 2615 potissimum
884 2577 988 2606 locum
1012 2577 1047 2607 U.
1068 2578 1106 2606 de
1128 2577 1337 2613 Wilamowitz,
1360 2577 1429 2606 Aus
1450 2577 1623 2615 Kydathen,

112 2629 219 2658 Berlin
243 2629 330 2659 1880
348 2634 384 2668 p.
408 2629 469 2659 [ὁ]
491 2639 535 2668 sq.
