1826 3088
796 294 1047 321 —20—

168 387 392 434 Euripidem
420 385 575 422 nuntios
601 386 728 429 mittit,
764 387 833 423 sed
861 385 1011 423 tabulas
1037 387 1200 431 votivas,
1234 386 1371 434 quibus
1397 397 1463 423 ara
1489 386 1527 422 in
1551 398 1670 433 quam

169 448 308 498 refugit
334 453 471 487 ornata
497 453 569 488 est.
614 447 713 486 Cum
740 448 778 486 in
804 448 880 501 hoe
904 449 1065 486 vertitur
1089 448 1147 485 vis
1173 447 1320 485 comica
1345 452 1428 484 tum
1446 447 1538 484 illud
1556 448 1672 484 risum

168 519 311 557 movet,
340 513 446 559 quod
465 512 618 549 tabulas
636 513 859 560 tragoediae
877 512 1003 550 verbis
1020 512 1256 554 sollemniter
1271 511 1488 559 alloquitur,
1517 511 1673 549 ridicula

168 581 209 611 ut
246 573 370 611 facere
406 573 525 618 solet,
562 574 780 611 admiscens
789 575 832 622 ¹).
887 572 998 621 Quae
1034 587 1056 611 e
1090 574 1290 622 tragoedia
1323 574 1374 610 ab
1409 574 1671 622 Aristophane

168 639 374 686 desumpta
400 637 475 675 sint
502 636 661 675 definire
687 638 816 675 conati
842 643 929 675 sunt
956 638 988 675 F
991 637 1151 675 ritzsche
1161 637 1192 685 ²)
1219 642 1259 675 et
1285 637 1521 686 Bakhuyzen
1530 636 1577 685 ⁸),-
1609 637 1673 685 qui

170 706 300 736 tamen
327 700 504 737 Nauckio
516 700 548 747 ⁴)
583 701 817 748 persuadere
853 712 929 736 non
963 705 1188 748 potuerunt,
1227 706 1269 737 ut
1302 701 1509 748 quiequam
1543 701 1581 736 in
1609 712 1673 736 nu-

169 775 320 799 merum
356 762 663 811 fragmentorum
698 763 893 811 reciperet.
944 762 1094 800 Tamen
1120 761 1224 799 haud
1251 762 1397 801 minore
1423 775 1511 801 eum
1538 764 1674 813 proba—

169 826 317 862 bilitate
353 837 472 873 quarn
507 826 545 862 in
578 826 717 862 ceteris
751 825 918 874 parodiis
944 825 1152 874 Euripidea
1185 837 1237 861 ex
1262 824 1559 874 Aristophaneis
1593 827 1674 864 erui

167 894 342 938 possunt.
396 888 462 925 Ex
487 888 745 932 Andromeda
776 901 867 937 prae
901 889 1038 926 ceteris
1073 887 1257 937 repetitos
1283 900 1368 925 esse
1404 902 1464 927 vv.
1493 890 1569 937 776
1595 901 1672 939 sq.:

767 964 799 1012 ὧ
825 976 947 1023 χεῖρες
975 972 1069 1022 ἐμαί

765 1034 949 1088 ἐγχειρεῖν
974 1032 1045 1087 χρτῗ

764 1097 863 1151 ἔργῳ
888 1099 1049 1150 πορίμῳ

169 1186 297 1223 hiatus
335 1185 432 1223 falso
458 1187 508 1223 ab
535 1185 746 1223 editoribus
770 1185 886 1222 deleti
913 1186 1122 1223 ostendunt
1131 1186 1173 1233 ⁵).
1227 1185 1363 1233 Neque
1391 1185 1516 1222 minus
1541 1190 1675 1234 aperte

169 1250 357 1298 originem
384 1249 635 1298 Euripideam
662 1248 890 1298 profitentur
915 1248 1115 1297 anapaesti
1141 1254 1346 1297 sequentes
1356 1249 1398 1297 ⁶),
1435 1260 1534 1296 quos
1560 1261 1582 1286 e
1608 1248 1675 1286 Pa-

168 1312 321 1348 lamede
359 1317 538 1360 sumptos
572 1324 658 1349 esse
683 1311 744 1348 vel
771 1311 926 1348 ridicula
952 1311 1017 1348 illa
1042 1312 1308 1348 demonstrant
1334 1311 1472 1359 quibus
1499 1312 1675 1349 Mnesilo-

168 1375 264 1412 chus
292 1375 368 1423 780
394 1386 452 1423 sq.
490 1375 638 1423 tragica
664 1374 913 1423 interrumpit.
968 1374 1105 1424 Itaque
1131 1374 1226 1411 haec
1253 1372 1330 1411 fere
1357 1374 1563 1422 Euripidea
1589 1387 1674 1412 esse

169 1438 377 1475 coniciam:

521 1501 553 1548 ὦ
577 1511 704 1559 χεῖρες
731 1506 826 1558 ἐμαί

520 1570 709 1622 ἐγχειρεῖν
735 1571 807 1622 χρή

518 1632 619 1686 ἔργῳ
644 1633 816 1686 πορίμῳ·

520 1693 591 1747 ἶίγε
618 1695 667 1749 δὴ
689 1698 888 1748 (κωπῶν)
917 1698 1060 1746 ξεστῶν
1087 1697 1219 1736 δέλτοι

518 1760 693 1809 δέξασθε
719 1759 862 1808 σμίλης
887 1757 1029 1805 ὁλκούς

270 1911 297 1951 ²)
318 1913 442 1944 Thesm.
467 1913 526 1950 780
551 1923 609 1952 sq.:
638 1915 733 1954 οἴμοι
757 1915 851 1944 τουτὶ
874 1910 912 1943 τὸ
935 1913 983 1957 ῥῶ
1003 1910 1192 1953 μοχθηρόν.

271 1965 298 2005 ⁵¹)
318 1978 349 2005 p.
374 1975 444 2005 29¹·
918 1979 921 1981 ·

270 2018 297 2057 ³)
316 2030 347 2058 p.
372 2028 429 2049 122
454 2030 500 2059 sq.

269 2070 297 2111 ⁴)
317 2083 348 2111 p·
371 2079 441 2112 542·

269 2124 295 2163 ⁶)
316 2126 469 2155 Fritzsche
493 2136 524 2165 p.
548 2125 608 2155 288
639 2126 677 2155 de
707 2126 755 2155 his
776 2125 909 2155 versibus
931 2126 1025 2165 plane
1045 2136 1213 2165 perversam
1234 2126 1414 2156 sententiam
1436 2126 1559 2165 profert.
1602 2126 1674 2157 Non

164 2178 386 2216 Aristophanes
412 2179 445 2208 in
474 2179 575 2207 verbis
604 2178 744 2216 cognatis
770 2180 876 2219 χεῖρες
901 2183 931 2207 et
961 2178 1124 2219 ἐγχειρεῖν
1153 2179 1249 2215 ludit,
1280 2179 1333 2208 sed
1354 2179 1418 2217 ipse
1440 2167 1610 2217 Euripides,
1641 2183 1676 2208 ut

164 2230 285 2269 saepius
314 2231 345 2259 in
374 2232 540 2271 tragoediis
563 2231 662 2260 facere
694 2230 782 2260 solet.
825 2230 897 2260 Non
925 2231 1143 2270 Aristophanes
1170 2231 1349 2261 vocabulum
1376 2229 1522 2273 πόριμος
1546 2232 1671 2268 invenit,

165 2284 235 2323 quia
262 2294 354 2323 supra
382 2285 498 2315 dixerat
527 2281 592 2315 οἷδ’
618 2281 685 2324 ἐγώ
706 2286 762 2315 καὶ
784 2281 825 2323 δὴ
850 2281 960 2327 πόρον
980 2284 1016 2315 ἐκ
1038 2287 1097 2316 τοῦ
1119 2280 1362 2327 Παλαμήδους,
1391 2285 1445 2315 sed
1465 2290 1496 2315 et
1517 2280 1624 2327 πόρος
1643 2289 1674 2315 et

164 2333 314 2378 πόριμος
341 2338 425 2367 haud
453 2337 539 2367 aliter
566 2342 659 2376 atque
682 2339 720 2368 αἱ
744 2335 870 2368 πλάται
890 2347 967 2377 quas
989 2338 1196 2368 Mnesilochus
1219 2347 1281 2367 non
1301 2337 1366 2367 sine
1386 2343 1468 2367 certo
1491 2338 1618 2368 consilio
1642 2338 1675 2367 in

165 2393 308 2427 quattuor
338 2390 474 2420 versibus
498 2390 661 2428 774—778
692 2395 799 2429 quater
824 2391 975 2426 nominat,
1010 2395 1090 2420 certe
1105 2391 1186 2430 ¹plus
1213 2400 1276 2420 uno
1303 2391 1373 2421 loco
1394 2392 1425 2420 in
1446 2392 1603 2430 tragoedia
1622 2401 1672 2421 ex·

164 2443 293 2474 stabant.
1360 2479 1362 2482 ,
1583 2482 1586 2485 Δ

266 2494 293 2533 ⁶)
313 2506 342 2527 v.
360 2497 419 2533 778
442 2497 625 2526 vocabulum
648 2493 803 2528 πινάκων
825 2497 855 2525 in
876 2497 953 2526 alius
974 2497 1057 2526 verbi
1079 2497 1180 2527 locum
1201 2498 1241 2527 ab
1254 2498 1457 2537 Aristophane
1477 2498 1670 2528 substitutum

162 2557 228 2577 esse
251 2555 376 2587 apparet
395 2549 552 2587 (πίνακες
572 2555 642 2579 sunt
664 2546 866 2590 τάγάλματα
888 2560 917 2580 v.
941 2556 1017 2587 773;
1043 2549 1082 2579 cf.
1101 2549 1195 2580 schol.
1217 2552 1352 2586 πίνακες
1371 2549 1437 2592 γὰρ
1456 2544 1542 2589 ἦσαν
1563 2550 1600 2582 ἔν
1621 2550 1669 2589 τῷ

164 2601 244 2642 ἱερῷ
267 2600 356 2640 κτλ.)
399 2602 601 2633 Probabiliter
621 2603 660 2633 U.
681 2602 946 2633 deWilamowitz
967 2602 998 2632 in
1020 2603 1175 2641 tragoedia
1195 2604 1319 2635 κωπῶν
1338 2603 1431 2634 fuisse
1451 2603 1571 2634 conicit.
