1826 3088
787 259 1037 296 „28-

870 446 941 485 IV.

232 549 317 603 DE
350 548 1144 594 THESMOPHORIAZUSARUM
1177 549 1467 617 CONSILIO
1500 529 1591 592 ET'

712 620 1107 667 STRUCTURA.

256 805 318 842 De
336 806 505 853 parodiis
526 819 625 855 quae
639 806 1051 855 Thesmophoriazusis
1070 805 1313 844 continentur
1330 805 1423 844 satis
1435 805 1484 843 sit
1496 805 1658 851 dictum;

152 867 314 904 libenter
331 869 505 905 concedo
525 881 588 910 me
607 870 838 917 primoribus
856 868 982 906 solum
997 869 1112 906 labris
1124 881 1206 906 rem
1221 869 1451 906 uberrimam
1466 874 1660 916 gustasse;

151 934 282 967 tamen
308 942 407 977 quae
434 931 544 979 tetigi
569 931 747 969 sufficere
774 931 936 969 arbitror
961 932 1010 969 ad
1036 930 1236 969 consilium
1263 931 1489 968 comoediae
1512 931 1659 968 investi-

152 993 337 1041 gandum.

254 1056 316 1093 De
325 1055 818 1106 Thesmophoriazusarum
832 1057 990 1095 consilio
999 1057 1154 1107 proprie
1164 1057 1434 1105 quaesiverunt
1442 1057 1474 1106 J.
1487 1057 1620 1094 Zastra
1628 1057 1659 1106 ¹)

90 1141 95 1146 ·
152 1120 260 1156 cuius
274 1120 645 1157 commentationem
660 1121 844 1169 inspicere
858 1121 949 1157 mihi
964 1133 1041 1157 non
1055 1121 1159 1157 licuit
1173 1126 1212 1157 et
1223 1119 1312 1158 Chr.
1324 1120 1438 1169 Haag
1445 1120 1487 1168 2).
1518 1119 1659 1157 Statuit

153 1183 289 1220 Zastra
314 1187 416 1219 teste
435 1182 600 1230 Haagio,
629 1183 776 1231 duplex
803 1195 886 1220 esse
913 1181 1139 1220 comoediae
1164 1188 1434 1228 argumentum
1460 1189 1500 1220 et
1526 1189 1659 1220 contra

153 1245 379 1294 Euripidem
404 1250 443 1282 et
469 1250 604 1282 contra
632 1245 810 1283 mulieres
835 1246 1105 1294 compositum.
1147 1244 1292 1282 Contra
1318 1245 1425 1282 illum
1444 1245 1559 1293 Haag
1588 1246 1659 1281 ›in-

153 1308 352 1346 dividuum
365 1320 451 1345 esse
466 1307 618 1345 fabulae
632 1309 831 1345 consilium
844 1315 962 1357 atque
977 1310 1014 1346 in
1026 1308 1151 1346 solum
1160 1308 1384 1356 Euripidem
1395 1307 1564 1346 fabulam
1574 1320 1659 1346 esse

151 1371 434 1419 compositam«
458 1369 675 1408 affirmavit.
710 1371 840 1409 Placet
862 1372 947 1420 ipsa
966 1372 1122 1419 quidem
1141 1371 1280 1419 Haagii
1298 1373 1505 1417 sententia;
1533 1371 1659 1420 displi-

151 1439 241 1470 cent
259 1433 429 1480 reliquae
446 1433 620 1481 argutiae
637 1445 735 1481 quas
754 1434 791 1470 in
810 1435 1014 1471 comoedia
1031 1434 1149 1471 latere
1167 1434 1394 1481 suspicatur.
1430 1435 1539 1472 Haec
1558 1435 1659 1472 enim

151 1495 273 1532 homo
309 1496 447 1532 doctus
485 1496 597 1532 nobis
624 1497 854 1544 persuadere
881 1497 1026 1533 studet:
1069 1496 1127 1533 ›in
1149 1495 1560 1544 Thesmophoriaz'usis
1587 1509 1658 1546 pro

151 1558 322 1595 sollertia
357 1569 427 1594 sua
454 1557 739 1606 Aristophanes
776 1570 855 1595 rem
892 1559 945 1595 ita
974 1558 1133 1595 variavit
1155 1563 1197 1595 ut
1223 1570 1298 1595 una
1324 1570 1413 1595 cum
1433 1559 1660 1597 mulieribus

151 1621 261 1669 quasi
290 1620 489 1658 mulierem
518 1621 713 1668 quandam
735 1621 969 1670 Euripidem,
997 1620 1231 1669 perditorem
1258 1620 1364 1657 illum
1391 1621 1595 1659 iuventutis
1620 1627 1659 1659 et

150 1690 381 1722 vexatorem
417 1683 570 1722 feminei
607 1696 725 1722 sexus
760 1689 963 1722 tractaret«
977 1683 1029 1732 8);
1068 1683 1128 1720 »in
1154 1683 1563 1733 Thesrrophoriazusis
1594 1684 1658 1721 im-

149 1747 283 1796 primis
316 1747 504 1784 eiusmodi
538 1746 649 1784 locos
682 1742 735 1784 ex
770 1747 961 1796 Euripidis
988 1746 1124 1783 fabulis
1150 1748 1391 1794 perstrinxit,
1434 1748 1498 1796 qui
1533 1746 1661 1785 essent

150 1811 251 1847 circa
291 1810 489 1854 mulieres,
532 1816 686 1859 praeter
719 1810 965 1848 Palamedem
1007 1810 1059 1858 (et
1094 1809 1311 1859 Telephum
1324 1811 1370 1858 !)‹
1382 1810 1433 1858 ⁴);
1475 1810 1660 1859 »probare

130 1873 274 1910 'voluit
300 1873 587 1923 Aristophanes
614 1873 1037 1921 Thesmophoriazusis,
1074 1873 1297 1920 Euripidem
1336 1874 1512 1921 quamvis
1546 1885 1661 1921 μισο-

136 1937 278 1984 Δγυνεῖν
314 1936 525 1979 videretur,
564 1947 697 1972 revera
733 1941 861 1972 tamen
897 1958 944 1963 —
980 1936 1095 1982 idque
1125 1947 1215 1972 cum
1249 1936 1364 1981 genio
1396 1936 1453 1972 sui
1488 1936 1572 1973 aevi
1607 1957 1658 1963 —

151 1996 409 2049 γυναικίζεινι
426 1999 468 2046 ⁵).
497 1998 738 2035 Adv'enticiis
756 1999 879 2038 rebus,
891 1997 1079 2047 pellectus
1100 2010 1221 2045 neque
1237 1998 1349 2035 insita
1367 1997 1518 2035 fabulae
1532 1998 1660 2035 indole

99 2074 102 2077 ·
149 2062 242 2098 satis
269 2067 475 2110 perspecta
501 2062 551 2098 ad
578 2061 669 2098 talia
693 2062 938 2098 descendisse
965 2061 1115 2098 videtur
1139 2061 1260 2098 homo
1286 2062 1435 2098 doctus.
1453 2082 1504 2088 —

251 2124 383 2161 Aliam
411 2129 451 2161 et
477 2136 636 2173 prorsus
664 2124 895 2161 contrariam
923 2124 973 2160 de
999 2124 1224 2161 comoediae
1249 2124 1409 2161 consilio
1429 2123 1659 2160 sententiam

148 2186 297 2235 profert
330 2187 495 2235 Lessing
506 2189 557 2235 6);
605 2193 895 2235 »argumentum
931 2186 1421 2235 Thesmophoriazusarum
1459 2184 1585 2223 t'otum
1620 2186 1659 2223 in

251 2328 276 2367 ¹)
300 2324 378 2358 Uber
397 2331 453 2359 den
468 2331 573 2359 Zweck
597 2341 656 2360 von
671 2331 824 2368 Am'stoplz.
845 2331 1019 2368 Thesmoph.
1037 2331 1145 2368 Progr.
1172 2330 1315 2364 Breslau,
1334 2330 1430 2360 Kath.
1445 2330 1662 2369 Gymn.1841.

253 2380 279 2420 8)
299 2384 465 2413 Praemissa
486 2383 675 2423 expositione
700 2382 764 2412 eius
791 2382 909 2412 consilii
935 2383 1019 2421 quod
1040 2383 1261 2422 Aristophanes
1281 2382 1312 2411 in
1334 2382 1457 2413 Thesm.
1480 2387 1599 2412 secutus
1619 2383 1659 2412 sit

149 2436 187 2464 de
210 2436 284 2465 locis
306 2436 487 2475 quibusdam
510 2446 603 2475 equs.,
627 2446 728 2475 progr.
750 2436 859 2465 stettin
885 2436 972 2472 1884.
1429 2425 1431 2427 ‚

250 2487 275 2527 8)
296 2490 315 2519 l.
341 2500 367 2520 a.
389 2499 419 2526 4.
681 2480 684 2484 ⁵

249 2540 275 2579 ⁴)
295 2543 315 2572 1.
338 2553 365 2572 a.
388 2543 416 2572 6.

249 2592 274 2632 ⁶)
294 2595 313 2624 l.
338 2596 356 2625 l.
380 2595 408 2626 8.

250 2647 275 2686 ⁶)
297 2649 344 2678 De
366 2649 572 2688 Aristophane
593 2649 748 2688 Euripidis
770 2648 885 2678 irrisore
904 2652 1032 2686 quaestt.
1053 2648 1131 2684 sell.,
1156 2649 1226 2679 diss.
1248 2649 1351 2688 inaug.
1367 2648 1438 2678 Hal.
1460 2647 1536 2686 1877
1559 2659 1590 2687 p.
1610 2654 1657 2687 15.
