1826 3088
794 239 1045 278 -49-

164 330 305 384 θύριον
332 333 563 381 Agathonis.
613 331 690 367 Vel
730 331 806 367 hoc
840 331 901 368 vel
937 333 1056 369 altero
1092 333 1195 369 aditu
1225 332 1297 378 C¹>
1336 333 1369 368 ei
1405 338 1561 369 utuntur
1598 334 1662 380 qui

163 402 255 445 post
289 408 445 433 scenam
479 395 720 432 abducuntur
756 393 817 430 vel
853 405 875 429 e
911 394 1028 431 domo
1065 395 1232 441 quadam
1259 395 1387 442 egredi
1414 395 1659 443 finguntur2).

162 459 234 497 Per
267 459 436 508 parodos
470 463 599 495 autem
634 457 683 506 (D
712 461 751 493 et
776 456 824 504 E)
862 462 1012 504 praeter
1048 456 1207 496 chorum
1244 457 1276 493 ei
1312 458 1518 503 introeunt,
1562 471 1660 507 quos

162 535 240 560 non
267 535 289 560 e
315 523 435 559 domo
465 522 632 570 quadam
658 521 727 557 sed
755 532 777 556 e
804 518 888 555 foro
915 519 975 556 vel
999 519 1075 556 alia
1101 531 1151 555 ex
1178 520 1279 557 urbis
1306 526 1476 559 terraeve
1504 523 1659 570 regione

162 586 409 631 advenientes
437 585 527 622 facit
554 584 839 633 Aristophanes
850 582 893 630 ⁸).

365 720 511 756 Intrant
658 751 661 753 .
762 729 875 754 versu
930 716 1033 752 aditu
1284 724 1425 755 exeunt

958 818 994 853 0

160 822 362 870 Euripides
385 827 424 857 et
448 820 708 857 Mnesilochus
812 829 825 854 1

1073 1857 1248 1904 Prytanis

1074 1916 1222 1967 Scytha
1249 1930 1336 1956 cum
1361 1917 1600 1956 Mnesilocho

768 1858 844 1904 946

150 1977 297 2025 Scytha
322 1991 410 2015 cum
437 1977 679 2015 Mnesilocho
759 1917 849 2016 190451

759 2041 856 2077 1006
953 2040 984 2078 C
1073 2039 1219 2088 Scytha

147 2100 354 2149 Euripides
757 2112 771 2138 1
778 2112 855 2151 009
947 2102 984 2139 D
1071 2102 1270 2152 Euripides
1281 2103 1312 2151 ⁵)

161 882 302 919 Servus
331 881 550 930 Agathonis
796 880 842 925 36
962 878 993 913 B
1338 906 1343 911 .

790 949 841 986 70
962 938 993 973 B
1080 938 1219 976 Servus
1246 940 1465 988 Agathonis

158 1004 318 1052 Agatho
380 1006 382 1008 ’
792 1009 839 1047 95
961 998 993 1035 Β

777 1061 847 1107 265
961 1059 993 1094 Β
1078 1061 1237 1109 Agatho

776 1131 853 1169 279
957 1119 994 1155 D
1078 1122 1277 1171 Euripides

157 1184 307 1227 Chorus
733 1185 779 1220 28
787 1194 800 1219 1
815 1196 900 1232 sqq.
958 1181 995 1216 D

156 1246 337 1283 Mulieres
349 1245 389 1282 A
397 1251 437 1283 et
446 1245 477 1282 B
488 1257 575 1282 cum
587 1245 705 1282 servis
778 1255 852 1292 294
957 1241 994 1278 D

774 1307 848 1352 458
957 1303 994 1339 D
1078 1305 1214 1343 Mulier
1241 1307 1271 1342 Β

154 1367 370 1405 Clisthenes
777 1374 794 1413 5
800 1374 822 1413 7
829 1375 846 1413 5
958 1364 994 1400 D

773 1427 850 1475 654
955 1426 992 1462 D
1078 1427 1290 1466 Clisthenes

773 1497 848 1536 729
960 1486 991 1524 C
1076 1489 1211 1527 Mulier
1220 1490 1260 1527 A
1270 1502 1358 1527 cum
1368 1503 1478 1528 serva
1488 1491 1651 1540 Mania⁴)

154 1552 291 1589 Mulier
318 1551 360 1588 A
387 1562 475 1587 curn
505 1562 616 1587 serva
773 1560 849 1599 739
959 1551 990 1589 C

153 1613 291 1649 Mulier
317 1613 348 1648 B
378 1613 508 1661 (vulgo
536 1613 586 1658 Γ)
771 1622 793 1659 7
800 1622 847 1660 59
953 1615 989 1650 D

152 1673 353 1721 Euripides
619 1694 621 1696 ·
771 1675 818 1721 87
826 1685 839 1710 1
957 1675 991 1711 E

768 1745 816 1781 92
820 1745 842 1781 7
956 1736 989 1772 E
1074 1734 1276 1783 Euripides

149 1793 327 1842 Prytanis
356 1807 444 1832 cum
471 1792 620 1841 Scytha
768 1805 844 1843 929
950 1796 986 1833 D

951 1858 987 1894 D

954 1917 985 1955 C

954 1979 985 2017 C

250 2248 275 2288 1)
296 2249 494 2288 Inscriptione
525 2249 557 2278 in
588 2249 704 2278 theatro
734 2250 849 2289 Oropio
881 2251 1003 2280 inventa
1031 2250 1434 2292 [Α]Γ.ΩΝΟΘΕΤΗΣΑΣ
1461 2251 1517 2281 ΤΟ
1543 2252 1646 2283 ΠΡΟ-

145 2303 357 2333 ΣΚΗΝΙΟΝ
367 2304 453 2332 KAI
466 2303 590 2332 ΤΟῩΣ
599 2300 846 2341 HINJAKAZ]
861 2304 1021 2332 verisimile
1035 2304 1080 2340 fit,
1105 2306 1158 2333 hos
1177 2305 1275 2333 aditus
1289 2304 1333 2332 nil
1348 2304 1405 2332 nisi
1420 2305 1649 2333 intercolumnia

146 2353 248 2389 fuisse,
267 2364 327 2383 una
342 2355 473 2392 quadam
488 2364 588 2383 earum
604 2354 773 2383 tabularum
787 2353 952 2393 (πίνακες)
969 2365 1047 2393 quae
1061 2356 1138 2385 inter
1151 2356 1305 2385 columnas
1319 2356 1446 2385 insertae
1460 2356 1649 2394 proscenium

145 2405 317 2435 efficiebant
339 2406 459 2437 omissa.

249 2456 275 2496 ²)
296 2459 333 2488 Id
355 2463 445 2498 poeta
473 2459 628 2487 vocabulis
655 2459 809 2494 εἰςιέναι
837 2460 884 2489 vel
908 2461 1043 2496 ἐξιέναι
1072 2461 1229 2499 significat.
1274 2460 1312 2489 cf.
1334 2462 1472 2498 Droysen
1494 2471 1524 2499 p.
1546 2470 1564 2499 3
1580 2471 1647 2499 sqq.

248 2510 274 2549 ³)
294 2513 342 2541 De
363 2513 410 2542 his
432 2522 521 2542 voces
543 2514 745 2554 προςιέναι
768 2514 815 2543 vel
838 2511 985 2545 ἀπιέναι
1008 2520 1198 2554 usurpantur.
1240 2514 1279 2544 cf.
1302 2515 1439 2551 Droysen
1462 2525 1491 2553 p.
1519 2523 1554 2544 12
1577 2524 1645 2553 sqq.

246 2563 273 2601 4)
293 2565 416 2594 Thesm.
441 2566 498 2602 726
520 2564 685 2607 ἐκφέρειν
705 2577 740 2597 τε
765 2568 830 2597 τῶν
852 2565 964 2601 ξύλ’ων.

246 2615 271 2655 5)
292 2618 415 2648 Thesm.
442 2626 514 2648 1011
540 2617 687 2660 Περσεὺς
707 2617 910 2662 ἐκδραμών.

208 2673 335 2704 Lange.
1383 2682 1404 2710 4
