1826 3088
0 2518 46 2546 Γΐ

796 261 1023 298 -5-

107 397 110 401 ,
156 359 332 394 Thesm.
633 357 636 359 ’
1492 358 1664 392 Helena

157 428 229 469 905
259 421 295 459 E
303 414 368 471 ῧρ.
436 411 467 458 ὦ
494 417 587 458 θεοὶ
614 414 681 457 τίν’
712 412 810 468 ὄψιν
836 414 1035 469 εἱςορῶςῑ)
1064 445 1224 455 .....
1397 413 1560 467 Τευκρ.
1615 426 1662 464 72

156 485 233 532 906
259 483 379 534 Κηδ.
431 481 478 522 σὺ
504 480 542 521 ‹5'
573 477 608 521 εἶ
634 481 714 529 τίς,·
741 477 856 528 αὐτὸς
883 479 954 532 γὰρ
976 480 1022 520 σὲ
1039 476 1125 530 κ”μ’
1149 478 1229 529 ἔχει
1248 479 1361 531 λόγος
1383 475 1428 525 ‘E
1435 481 1468 521 λ.
1590 482 1663 529 558

157 556 231 596 907
260 543 323 586 Εὖ
336 562 369 597 ρ.
429 541 605 596 Ἑλληνὶς
630 539 666 583 εἶ
693 559 753 591 τις
778 537 805 597 ἤ
824 538 1017 595 ’πιχωρία
1044 543 1135 595 γυνή
1144 561 1155 591 ,·
1388 546 1502 584 Μεν.
1590 545 1658 591 561

259 613 301 647 Κ
309 624 332 661 η
343 610 377 647 δ.
425 604 620 659 Ἑλληνίς·
650 602 754 646 ἇλλοῖ
780 606 850 644 καὶ
876 603 921 646 ‘cd
947 604 1017 646 σὸν
1042 607 1153 645 θέλω
1179 609 1340 655 μαθεῖν.
1386 602 1471 647 Ἑλ.

258 667 360 721 Effe.
435 666 568 722 Ἑλένῃ
597 665 627 709 σ’
657 665 798 719 ὁμοίαν
826 669 871 717 δὴ
895 664 1047 719 μάλιστ’
1078 664 1195 715 εἶδον,
1224 667 1348 719 γύναι.
1386 672 1438 707 Μ
1446 682 1503 709 εν.

260 735 380 785 Κηδ.
435 730 512 784 ἐγὼ
544 732 589 772 δὲ
614 729 802 783 Μενελέῳ
827 727 859 771 ‹5’
890 762 1126 772 .......
1384 728 1468 771 Ἑλ.

263 799 298 836 Ε
304 793 326 837 ὗ
336 811 369 848 ρ.
436 793 554 847 ἔγνως
581 791 645 846 ἄρ’
675 792 806 845 ὀρθῶς
833 790 955 846 ἄνδρα
983 795 1297 844 δυστυχέστατον.
1388 798 1440 834 Μ
1447 809 1465 834 ε
1475 811 1505 835 ν.

261 864 303 898 Κ
311 860 379 912 ηδ.
434 851 466 898 ὦ
491 857 646 910 χρόνιος
672 856 803 898 ἐλθών
830 859 896 910 σῆς
922 854 1123 909 δάμαρτος
1149 857 1189 905 ἐς
1212 858 1329 909 χέρας
1385 854 1468 897 Ἑλ.

265 924 374 961 Haec
415 930 503 961 sunt
543 934 642 971 quae
679 922 961 972 Aristophanes
996 923 1045 960 ad
1081 922 1241 960 verbum
1278 923 1445 961 imitatus
1481 923 1518 959 in
1552 934 1664 960 suum

158 1000 270 1025 usum
300 986 499 1024 convertit.
552 986 711 1024 Numeri
737 996 915 1023 versuum
942 987 1176 1034 tragicorum
1203 998 1302 1034 quos
1328 987 1491 1035 apposui
1518 988 1665 1035 optime

159 1040 313 1094 docent,
342 1062 460 1097 quam
487 1048 691 1086 artificiose
718 1051 888 1086 comicus
913 1050 1086 1087 versibus
1112 1049 1174 1086 vel
1200 1062 1380 1086 versuum
1400 1049 1623 1098 fragmentis
1642 1063 1663 1087 e

158 1103 426 1150 diversissimis
463 1112 689 1159 tragoediae
728 1112 820 1149 locis
861 1112 1054 1160 congestis
1089 1124 1245 1149 scenam
1281 1111 1395 1160 plane
1432 1113 1665 1161 perpolitam

159 1176 352 1223 certisque
378 1175 516 1212 finibus
542 1175 868 1223 circumscriptam
894 1176 1166 1223 composuerit.
1220 1174 1421 1212 Habemus
1446 1176 1565 1213 totius
1588 1175 1667 1213 fere

158 1237 383 1287 tragoediae
423 1237 618 1287 specimen
654 1237 691 1273 in
727 1249 873 1286 paucos
906 1250 1038 1275 versus
1065 1230 1263 1282 coactum,
1305 1237 1485 1275 fabellam
1513 1237 1665 1275 fabulae

158 1302 352 1339 insertam.

262 1363 442 1413 Apparet
476 1368 636 1412 poetam
673 1367 761 1400 non‘
790 1364 918 1400 omnia
954 1375 1053 1412 quae
1089 1363 1124 1400 ei
1159 1365 1209 1400 ad
1245 1363 1348 1401 illam
1386 1376 1542 1401 scenam
1578 1377 1664 1402 con-

158 1420 361 1465 ficiendam
398 1439 499 1475 opus
533 1432 662 1470 erant,
700 1439 752 1463 ex
777 1427 960 1475 Euripide
995 1428 1196 1464 desumere
1221 1428 1404 1476 potuisse.
1460 1427 1664 1476 Quaedam

158 1491 230 1541 ipsi
269 1490 469 1528 adicienda
502 1482 640 1536 erant}
668 1491 737 1528 sed
774 1502 1041 1540 quaecumque
1071 1490 1209 1527 adiecit
1236 1496 1318 1528 tam
1345 1491 1441 1528 mira
1467 1491 1664 1540 diligentia

158 1556 207 1591 ad
248 1555 455 1596 dictionem
494 1554 743 1601 Euripideam
784 1554 1113 1599 accommodavit,
1157 1559 1199 1590 ut
1239 1554 1271 1591 si
1306 1553 1456 1592 Helena
1491 1556 1664 1604 perisset,

158 1616 272 1653 valde
308 1616 590 1661 dubitaremus,
632 1628 731 1664 quos
765 1617 1007 1666 potissimum
1034 1628 1167 1653 versus
1194 1617 1291 1654 inter
1317 1618 1540 1665 tragoediae
1568 1618 1666 1666 frag-

158 1685 289 1717 menta
326 1680 596 1728 reciperemus.
652 1676 800 1717 Omnes
832 1679 908 1717 fere
935 1679 1011 1717 loci
1038 1692 1136 1727 quos
1164 1680 1245 1728 ipse
1272 1681 1493 1730 composuit
1518 1681 1666 1719 Aristo-

158 1742 306 1790 phanes
351 1754 439 1779 cum
483 1742 657 1790 genuinis
700 1742 930 1789 quibusdam
976 1743 1148 1779 versibus
1186 1743 1403 1790 Euripideis
1447 1746 1664 1791 comparari

158 1812 333 1857 possunt.
387 1805 525 1844 Talem
561 1806 599 1844 in
635 1806 794 1844 modum
834 1818 869 1844 v,
898 1806 973 1854 874
998 1803 1194 1857 Πρωτέως
1227 1801 1314 1845 τάδ’
1355 1804 1440 1845 ἐστὶ
1473 1804 1661 1858 μέλαθρα

159 1871 369 1917 respondet
395 1870 521 1905 versui
548 1870 721 1906 Helenae
747 1871 825 1915 460
850 1869 1032 1918 Πρωτεὺς
1056 1864 1147 1907 τάδ’
1178 1868 1280 1908 οἰκεῖ
1309 1867 1473 1918 δώματα
1483 1872 1536 1918 2),·
1570 1884 1660 1908 vere

158 1932 304 1982 tragica
333 1937 373 1970 et
397 1931 581 1981 Euripide
608 1931 726 1981 digna
752 1938 840 1970 sunt
1456 1928 1460 1932 ’

158 2009 194 2033 v.
223 1996 298 2043 869
328 2008 386 2044 sq.
414 1992 503 2034 ἀλλ’
537 1990 671 2052 ὥσπερ
698 1992 880 2035 αἰκάλλει
905 2010 943 2034 τι
971 1995 1138 2046 καρδίαν
1165 1994 1269 2047 ἐμήν.

413 2056 466 2108 μὴ
492 2058 642 2108 ψεῦσον
669 2050 701 2096 ὦ
726 2059 805 2097 Ζεῦ
829 2063 895 2105 τῆς
918 2056 1108 2109 ἐπιούσης
1133 2056 1354 2107 ἑλπίδοςθ),

158 2135 193 2159 ν.
223 2123 296 2169 877
325 2119 450 2160 ποίαν
476 2120 522 2160 δὲ
546 2117 678 2172 χώραν
704 2118 973 2169 εῖςεκέλσαμεν
999 2119 1167 2172 σκάφει-ις

261 2224 288 2264 1)
309 2221 336 2255 ὦ
358 2226 445 2262 θεοί,
467 2220 536 2255 τίν’
559 2223 652 2256 εἶδον
674 2221 756 2263 ὄψιν
778 2224 947 2264 Euripides.

262 2276 289 2316 ¹)
309 2278 440 2307 Mutavit
454 2279 545 2307 verba
561 2278 728 2317 Euripides.
749 2278 781 2307 ni
794 2278 885 2308 fallor
894 2268 1114 2317 Aristophanes
1129 2288 1198 2307 cum
1212 2282 1336 2317 propter
1350 2278 1504 2307 metricam
1519 2277 1665 2307 rationem

159 2335 224 2360 tum
253 2336 287 2359 ut
315 2330 442 2369 genitivi
470 2330 566 2360 forma
587 2333 750 2371 Πρωτέως
777 2336 919 2369 usurpata
939 2330 1058 2360 facilius
1079 2331 1187 2360 mulier
1207 2333 1366 2370 Πρωτέας
1387 2330 1429 2367 (ν.
1451 2329 1525 2368 876)
1548 2330 1665 2359 intelle-

159 2393 228 2423 gere
250 2388 364 2423 posset.

261 2435 288 2475 8)
309 2437 411 2467 Schol.
426 2438 487 2474 870
504 2448 566 2467 non
587 2438 645 2468 nisi
666 2439 706 2467 ad
727 2437 894 2477 imperativi
914 2437 1043 2467 formam
1063 2438 1217 2467 insolitam
1239 2442 1397 2476 comparat
1410 2446 1527 2467 versum
1543 2437 1663 2475 Sopho·

159 2491 258 2521 eleum
279 2488 327 2532 μὴ
349 2493 487 2531 ψεῦσον,
510 2486 536 2521 ὦ
553 2494 629 2528 Ζεῦ,
650 2487 699 2532 μὴ
719 2489 764 2533 μ’
788 2490 862 2534 ἕλῃς
882 2487 965 2522 ἄνευ
980 2489 1088 2533 δορός.
1116 2492 1245 2520 Temere
1258 2490 1411 2520 Fritzsche
1424 2490 1456 2519 in
1469 2489 1664 2528 Thesmoph.

159 2544 292 2574 editione
312 2554 344 2583 p.
361 2545 422 2583 336
443 2544 537 2574 edixit
560 2545 732 2575 »neminem
746 2544 951 2575 dubitaturum
965 2554 1040 2579 esse.
1066 2544 1139 2584 quin
1155 2543 1241 2574 illum
1256 2544 1355 2583 ipsum
1370 2542 1529 2583 Sophoclis
1544 2552 1664 2573 versum

158 2598 215 2627 hac
243 2598 370 2636 par-odia
396 2599 508 2628 rideret
529 2599 777 2637 Aristophanes«.
821 2598 928 2627 Verba.
942 2598 1166 2637 Aristophanes.
1192 2603 1223 2628 et
1245 2598 1419 2637 Sophoclea
1442 2598 1512 2636 plus
1533 2598 1611 2627 inter
1635 2606 1667 2626 se

158 2651 302 2681 differunt
324 2660 415 2690 quam
438 2655 473 2680 ut
493 2651 532 2681 de
553 2651 680 2691 pai-odia
700 2651 836 2690 cogitare
857 2651 955 2681 liceat.
