1826 3088
542 0 719 7 w‹—.-⁷r*-†
733 0 745 1 a
817 0 910 14 -ἼΠ
930 4 932 6 ,

796 269 1046 306 -62—

168 371 281 408 affert
306 371 581 419 grammaticus
607 383 753 414 causas,
782 372 921 418 quibus
948 373 1138 409 adductae
1157 370 1333 408 mulieres
1351 371 1523 419 Euripidi
1541 383 1673 420 peper-

170 438 314 471 cerunt.
368 433 412 470 In
445 433 652 482 superstite
679 432 808 470 fabula
833 434 1105 475 tantummodo
1132 433 1252 469 altera
1278 454 1328 460 —
1353 433 1675 483 βεβαιωσαμένου

169 494 311 545 μηκέτι
346 490 469 542 αὐτὰς
501 497 632 542 κακῶς
667 494 768 545 ἐρεῖν
794 519 842 526 --
869 502 1019 543 exstat;
1056 497 1217 534 alteram
1243 495 1281 532 in
1307 496 1448 533 amissa
1472 495 1675 533 comoedia

168 570 256 594 cum
290 558 354 594 illa
380 558 626 595 coniunctam
654 558 768 595 fuisse
796 571 953 596 necesse
981 565 1059 604 est;
1096 571 1190 606 ergo
1217 559 1255 594 in
1286 557 1539 606 »Calligenim
1570 559 1675 596 Euri·

168 621 299 670 pidem
325 633 459 658 revera
485 633 509 658 a
528 620 650 659 Musis
660 621 690 671 ¹)
717 621 918 660 defensum
944 634 1028 661 esse
1055 620 1229 659 efficitur.
1275 620 1383 659 Haec
1405 626 1465 658 est
1484 621 1675 658 Zielinskii

169 684 368 721 sententia.
408 682 550 721 Omisit
576 685 697 722 homo
724 686 862 722 doctus
888 686 1102 723 tumidioris
1129 685 1368 733 grammatici
1394 685 1568 722 dictionis
1591 684 1675 721 rati-.

170 758 286 784 onem
304 746 459 791 habere,
479 748 544 794 qui
564 747 699 785 dubito
717 759 766 783 an
784 748 880 785 haec
895 747 1022 785 solum
1036 748 1253 795 exprimere
1266 747 1444 784 voluerit:
1467 745 1675 797 ἐφείσαντο

174 808 218 846 δὲ
246 803 365 847 αὐτοῦ
390 810 549 859 πρῶτον
582 809 654 858 μέν
681 807 785 848 διότι
811 808 979 861 ποιητὴς
1005 804 1052 861 ἦν
1077 809 1148 848 καὶ
1176 811 1352 848 Μουσῶν
1380 806 1500 860 ἱερὸς,
1535 807 1676 848 ἔπειτα

171 870 216 910 δὲ
243 871 323 909 κτλ.
336 871 381 920 2).
408 894 458 899 --

272 934 697 983 Thesmophoriazusas
734 935 1027 972 Zielinskianam
1065 957 1110 963 —
1148 947 1239 971 nam
1269 934 1556 983 Aristophanea
1587 947 1676 972 nun-

171 1011 288 1047 quam
314 997 468 1035 fuerunt
494 1011 552 1044 ea,
582 1010 682 1047 quae
709 998 746 1035 h.
767 999 803 1038 d.
831 999 880 1035 de
905 997 1139 1047 Calligeniae
1165 1003 1395 1046 argumento
1421 1003 1460 1034 et
1487 1002 1678 1035 structura

170 1061 385 1109 suspicatur
412 1082 453 1087 -
486 1061 652 1109 amplius
678 1062 857 1109 persequi
884 1062 1040 1106 desisto,
1068 1074 1157 1099 cum
1183 1061 1432 1098 fundamenta
1448 1061 1574 1109 putria
1592 1073 1677 1098 esse

171 1124 417 1161 ostenderim.
479 1123 579 1161 Illud
612 1128 716 1161 certe
749 1124 810 1161 vel
847 1125 901 1160 eis
939 1136 1039 1172 quae
1075 1124 1233 1161 disserui
1268 1124 1551 1161 demonstrasse
1586 1123 1678 1160 mihi

172 1187 316 1230 videor,
345 1187 537 1223 Zielinskii
564 1187 612 1223 de
631 1186 1045 1235 Thesmophoriazusis
1071 1189 1099 1236 β
1125 1187 1346 1235 opinionem
1373 1199 1442 1235 per
1466 1199 1507 1224 se
1526 1199 1677 1235 suspec-

171 1254 252 1286 tam
287 1250 377 1297 quia
412 1249 672 1298 praeiudicata
708 1255 767 1286 est
800 1262 876 1287 non
903 1251 1022 1287 modo
1048 1262 1125 1287 non
1151 1250 1396 1297 comprobari
1423 1250 1477 1286 eis
1504 1262 1603 1297 quae
1629 1250 1677 1286 de

173 1314 446 1351 retractatione
473 1313 627 1350 fabulae
654 1314 796 1358 statuit,
825 1314 894 1351 sed
921 1314 1070 1362 infringi
1097 1325 1254 1362 prorsus
1274 1318 1391 1361 atque
1410 1313 1608 1351 debilitari.
1628 1316 1679 1341 —4-

274 1455 299 1493 ¹)
320 1457 464 1493 Quonam
486 1456 606 1485 Gratias
627 1455 842 1485 Zielinskianas
866 1456 1079 1494 grammaticus
1100 1456 1262 1485 subduxit?

274 1506 300 1546 ²)
320 1509 473 1538 Fritzsche
501 1518 532 1547 p.
556 1515 613 1547 537
648 1512 727 1536 recte
760 1508 861 1537 vertit:
900 1509 1055 1537 Musarum
1082 1517 1194 1538 amore.
1246 1508 1284 1539 cf.
1314 1509 1352 1537 ad
1384 1509 1505 1538 dicendi
1532 1509 1680 1538 rationem

173 1562 268 1594 Anth.
290 1563 385 1593 Palat.
407 1562 481 1600 VII,
505 1569 561 1602 25:
586 1560 646 1593 τὸν
665 1555 816 1603 ἄφθιτον
837 1561 947 1592 εἵνεκα
969 1560 1122 1592 Μουσῶν
1146 1559 1150 1600 Ι
1176 1557 1385 1602 ὑμνοπόλον.

485 2713 626 2733 Pia-ur'nehe
640 2712 881 2732 Hofbuehdruckerei.
909 2712 1010 2738 Stephnn
1026 2711 1143 2732 Gexbok&
1160 2712 1199 2732 Co.
1217 2712 1241 2732 in
1258 2712 1393 2737 Altenburg.
