1826 3088
769 222 1020 260 „55-

391 306 423 351 ὦ
453 314 612 364 Θρᾷττα
636 314 703 360 τὴν
727 312 861 362 κίστην
885 313 1030 353 κάθελε
1056 308 1142 353 κᾶτ’
1175 312 1280 362 ἐξελε

389 373 438 414 τὰ
465 372 619 414 πόπαν’
653 370 763 421 ὅπως
789 377 964 425 λαβοῦσα
991 374 1106 416 θύσω
1130 379 1215 415 τοῖν
1241 380 1364 416 θεοῖν.

146 440 291 485 Hierzn
318 440 415 488 lz'egt
436 451 498 475 em
535 438 824 486 Wderspruclc,
862 441 931 477 der
956 454 1033 477 nur
1058 440 1180 477 durch
1205 441 1267 477 dze
1292 441 1515 486 Annalzme,
1551 440 1643 487 dass

146 516 220 541 wzr
255 516 295 540 es
331 503 404 539 mzt
434 514 557 539 eznem
592 500 855 539 Uberblezbsel
882 516 953 540 aus
988 504 1056 540 der
1093 503 1380 553 »Kallz'genez'at
1396 503 1426 552 ¹)
1461 516 1511 539 zu
1547 503 1642 539 tlzun

145 567 288 612 haben,
324 566 485 611 erkhtrt,
521 578 632 602 wenn
658 566 758 602 auch
784 566 890 603 nzcht
913 567 1089 615 beseztzgt
1111 568 1249 605 wzrd«.
1303 568 1451 605 Eadem
1479 578 1539 603 res
1566 566 1643 602 iam

148 629 358 665 Fritzschio
370 629 399 676 2)
427 628 604 676 praebuit
630 629 890 666 offensionem.
944 630 980 666 Is
1014 629 1186 667 »affinem
1213 630 1408 667 infeliciter
1434 640 1642 677 personam

148 691 317 728 mulieris
345 692 490 739 egisse«
522 691 776 735 existimabat,
806 703 920 738 quam
946 693 1170 729 sententiam
1200 705 1270 729 suo
1297 693 1374 729 iure
1395 691 1573 728 Zielinski
1602 697 1643 728 ut

147 755 392 802 desperatam
420 754 603 802 repudiat.
655 753 755 790 Nam
783 765 1016 803 quamquam
1044 761 1200 803 poetam
1227 755 1292 792 tali
1318 755 1466 792 iocandi
1494 755 1641 790 ratione

147 817 284 854 alicubi
321 817 445 865 lepide
480 818 532 853 uti
567 817 784 864 constatss),.
814 823 942 854 tamen
978 830 1055 854 non
1091 819 1160 854 nisi
1191 819 1227 854 in
1254 818 1457 854 levioribus
1485 817 1640 864 rebus-³)

148 880 430 918 Mnesilochum
458 886 647 916 errantem
674 879 819 927 fingere
847 880 958 924 licuit,
997 892 1073 916 non
1099 886 1178 916 tam
1206 881 1312 928 gravi
1340 882 1376 916 in
1403 893 1443 916 re
1472 892 1581 927 quae,
1611 880 1642 915 si

148 945 266 981 modo
303 940 414 981 recte'
440 944 581 980 iudicat
608 942 805 986 Zielinski,
842 949 974 980 contra
1010 955 1156 979 morem
1184 944 1428 992 indolemque
1454 944 1527 979 diei
1555 942 1640 979 festi

148 1015 304 1056 pugnat.

249 1070 326 1107 Sed
365 1070 578 1106 accuratius
616 1069 879 1105 examinemus
917 1069 1135 1105 testimonia
1174 1069 1311 1116 quibus
1350 1069 1469 1107 homo
1504 1071 1643 1107 doctus

147 1133 286 1170 nititur.
331 1132 478 1168 Dubito
505 1143 595 1167 num
622 1131 708 1166 inde
736 1132 797 1166 die
815 1131 968 1166 Nestiae
996 1131 1098 1167 nulla
1125 1132 1281 1167 omnino
1307 1144 1416 1169 sacra
1442 1132 1541 1168 facta
1560 1145 1644 1170 esse

147 1194 342 1232 efficiatur.

249 1258 512 1293 Adnotatione
550 1255 778 1292 scholiastae
809 1257 872 1303 qui
907 1257 1024 1292 verba
1058 1252 1229 1303 μάλισθ’
1264 1252 1355 1307 ἡμῖν
1380 1256 1500 1307 σχολή
1526 1258 1643 1305 expli-

148 1332 233 1356 care
270 1320 369 1363 vult,
407 1320 475 1355 nisi
509 1319 619 1355 nimis
655 1324 830 1366 urgetur
866 1318 957 1355 illud
984 1318 1110 1354 solum
1137 1320 1429 1366 comprobatur,
1467 1320 1644 1357 mulieres

148 1383 248 1418 diem
276 1381 506 1429 Calligeniae
543 1387 670 1417 totum
705 1381 754 1417 ad
782 1380 1070 1417 sacrificandum
1097 1382 1332 1428 seposuisse;
1370 1383 1523 1419 minime
1551 1396 1643 1420 vero

150 1444 210 1480 die
237 1443 392 1480 Nestiae
427 1455 535 1480 sacra
572 1441 869 1479 omnino-fuisse
895 1444 1023 1479 vetita.
1077 1443 1213 1489 Neque
1239 1444 1325 1490 plus
1352 1445 1454 1480 valet
1480 1445 1643 1481 alterum

149 1507 419 1551 testimonium,
448 1506 507 1544 cui
526 1504 702 1543 Zielinski
728 1505 912 1542 maiorem
939 1505 1069 1542 tribuit
1086 1506 1173 1548 vim,
1202 1506 1455 1543 contractiore
1476 1508 1644 1554 quadam

150 1571 330 1618 loquendi
367 1571 511 1606 ratione
547 1570 751 1616 deceptus;
789 1580 877 1604 nam
912 1568 1011 1605 hunc
1048 1567 1125 1604 fere
1161 1569 1198 1604 in
1233 1570 1392 1606 modum
1427 1570 1644 1608 Promethei

149 1634 267 1670 verba
293 1632 486 1670 dilatanda
512 1636 600 1668 sunt
624 1636 665 1667 ut
691 1642 779 1667 cum
806 1635 938 1667 nostro
956 1631 1105 1667 dicendi
1125 1643 1265 1678 genere
1283 1633 1520 1680 conspirent:
1552 1629 1640 1670 ἀλλ’

150 1693 319 1745 ὡσπερεὶ
350 1692 640 1746 Θεσμοφορίοις
669 1690 736 1739 (αἱ
773 1695 948 1741 γυναῖκες
975 1690 1221 1743 νηστεύουσιν
1248 1691 1336 1732 ἄνευ
1364 1694 1501 1734 σιτίων
1527 1687 1642 1734 οὖσαι

149 1753 272 1804 οὕτως
306 1754 415 1809 ἡμεῖς
446 1756 533 1803 νῦν)
560 1751 789 1806 νηστεύομεν
823 1748 911 1792 ἄνευ
951 1755 1110 1806 θυηλῶν
1136 1750 1305 1805 (ὄντες),
1347 1757 1407 1793 vel
1448 1764 1489 1793 ut
1529 1758 1644 1795 latine

149 1822 292 1858 dicam:
322 1827 363 1857 ut
390 1821 565 1857 mulieres
584 1817 901 1865 Thesmophoriis
928 1819 1096 1855 esuriunt
1122 1819 1195 1855 cibi
1221 1819 1465 1865 abstinentes,
1495 1821 1547 1857 ita
1574 1834 1644 1857 nos

149 1884 268 1921 hocce
295 1890 470 1932 tempore
496 1882 620 1920 inedia
646 1880 832 1917 afficimur
858 1892 945 1917 cum
972 1880 1082 1917 nobis
1110 1881 1159 1918 ab
1178 1881 1396 1918 hominibus
1413 1883 1516 1920 nulla
1535 1896 1643 1920 sacra

149 1946 357 1983 offerantur
365 1946 411 1995 4).

252 2010 387 2057 Itaque
414 2014 456 2046 ut
483 2013 593 2045 caute
620 2006 745 2044 dicam
772 2006 864 2043 illud
890 2011 992 2043 certe
1019 2006 1307 2043 concedendum
1334 2013 1403 2052 est,
1435 2019 1506 2044 nos
1533 2008 1646 2045 istam

151 2085 306 2122 quoque
333 2085 414 2109 rem
440 2073 536 2109 sicut
562 2071 747 2118 reliquam
765 2069 1162 2118 Thesmophoriorum
1189 2070 1358 2107 indolem
1383 2082 1519 2119 parum
1543 2083 1644 2108 com-

150 2142 300 2185 pertam
324 2135 476 2173 habere.
531 2133 609 2171 Sed
635 2127 783 2169 etiamsi
810 2132 872 2169 die
890 2131 1045 2170 Nestiae
1072 2131 1327 2168 sacrificatum
1355 2145 1431 2169 non
1459 2145 1542 2169 esse
1568 2146 1645 2171 cer-

150 2200 314 2237 tioribus
340 2198 574 2246 argumentis
601 2201 735 2243 posset
761 2195 1015 2243 comprobari,
1054 2202 1183 2232 tamen
1207 2207 1282 2231 non
1308 2201 1421 2238 esset,
1449 2208 1516 2232 cur
1543 2196 1647 2233 Mne-

252 2334 278 2373 1)
297 2347 337 2359 ==
358 2334 482 2363 Thesm.
499 2335 530 2371 β.

250 2387 277 2426 2)
300 2389 320 2418 l.
344 2398 369 2423 a,
392 2397 422 2425 p.
446 2385 514 2423 581.

249 2439 276 2479 ⁸)
298 2440 336 2471 cf.
358 2439 520 2469 Ecclesiaz.
547 2444 614 2476 155,
642 2437 708 2474 189,
734 2436 803 2471 286,
833 2436 902 2472 298.

249 2493 276 2532 ⁴)
297 2494 414 2523 Eadem
435 2492 548 2521 ratione
570 2491 671 2520 locum
693 2490 829 2529 intellegi
850 2489 937 2517 video
958 2498 976 2517 a
998 2489 1201 2524 Bachmanno,
1228 2488 1310 2517 Berl.
1327 2488 1407 2527 phil.
1442 2489 1649 2520 Wochenschr.

148 2548 236 2578 1888
250 2553 284 2585 p.
307 2546 379 2582 613,
414 2545 466 2584 qui
486 2545 573 2573 istam
595 2544 740 2582 loquendi
765 2543 909 2572 rationem
930 2542 996 2571 aliis
1018 2553 1139 2581 quoque
1160 2542 1287 2571 adstruit
1308 2543 1452 2582 exemplis
1476 2542 1546 2581 (Av.
1568 2551 1639 2580 402.

151 2607 247 2639 1549;
270 2600 374 2638 Equit.
396 2607 450 2634 24;
475 2599 546 2634 Lys.
571 2598 647 2633 3613
670 2598 792 2625 Thesm.
815 2595 898 2633 648).
