1826 3088
145 376 302 423 quidem
332 375 519 412 liberandi
547 376 644 411 ratio
663 374 822 411 feliciter
840 380 1027 412 tentatur:
1056 375 1277 423 tragoediae
1297 379 1455 423 poetam
1475 374 1655 412 deficiunt

146 451 217 476 nec
247 444 376 474 tamen
405 435 448 475 αἱ
476 436 662 487 μηχαναί,
703 449 863 484 quarum
893 444 1012 475 restat
1038 451 1114 474 una
1139 437 1310 475 barbaris
1336 437 1508 474 moribus
1535 437 1658 485 magis

145 506 236 549 apta
264 506 303 536 et
330 513 517 549 prospere
545 506 741 537 eventura.
772 522 817 528 -
1116 512 1118 514 ’

247 564 537 600 Percensuimus
572 563 742 601 fabulam
770 563 1279 613 Thesmophoriazusarum,
1316 563 1560 611 seposuimus
1596 575 1651 607 ea,
1682 589 1685 592 -

146 639 245 674 quae
282 639 303 663 e
342 638 450 663 more
486 627 627 663 veteris
662 626 887 665 comoediae
925 628 1083 676 proprio
1110 631 1340 674 argumento
1368 638 1520 663 annexa
1547 631 1653 671 sunt;

117 680 119 683 V
145 691 221 726 iam
250 689 356 735 quod
384 688 497 725 fuerit
524 688 798 737 Aristophanis
825 690 1037 732 consilium,
1074 702 1162 726 cum
1191 689 1359 727 fabulam
1387 688 1654 733 doceretfidu-

145 751 250 789 bium
286 763 370 788 esse
408 752 560 800 nequit:
598 751 756 789 volebat
791 752 928 800 poesin
954 752 1202 800 Euripideam
1230 764 1307 789 non
1333 758 1415 789 tam
1441 751 1654 788 universam

146 827 262 862 quam
299 827 385 851 eam
422 815 667 862 potissimum
704 820 854 862 partem
893 828 992 863 quae
1029 816 1077 851 ad
1115 815 1233 851 miros
1267 828 1468 864 novosque
1495 819 1656 851 conatus

145 878 354 926 pertineret
392 878 442 913 ad
483 878 601 913 risum
640 877 882 924 detorquere.
947 876 1290 928 Μηχανοῤῥαφίαν
1325 879 1460 925 tragici
1499 877 1656 914 illudere

145 946 263 987 atque
304 940 458 976 theatro
495 945 711 976 monstrare
748 939 945 987 cupiebat,
989 941 1197 977 sollertiam
1231 940 1480 988 Euripideam
1518 940 1654 982 nodos,

147 1015 245 1050 quos
272 1014 469 1046 vocamus,
498 1003 669 1050 tragicos
699 1003 929 1050 expediendi
954 1004 1068 1050 idque
1095 1004 1147 1039 ita
1174 1003 1345 1046 instituit,
1375 1008 1417 1039 ut
1444 1003 1481 1038 in
1508 1002 1656 1038 comica

146 1077 262 1102 scena
296 1066 445 1113 tragico
477 1071 618 1113 poetae
647 1064 790 1102 faceret
817 1070 1071 1113 potestatem,
1109 1071 1304 1102 sescentas
1331 1065 1415 1102 illas
1441 1061 1654 1115 μηχανάςι)

145 1129 228 1177 ipse
274 1129 309 1165 in
355 1128 553 1165 liberando
598 1130 769 1177 quodam
811 1129 966 1166 homine
1012 1128 1204 1166 adhibere.
1276 1128 1487 1166 Sollemnia
1526 1133 1654 1165 autem

147 1191 571 1238 Thesmophoriorum,
611 1204 847 1239 quamquam
876 1203 1018 1228 nomen
1047 1192 1199 1229 fabulae
1227 1193 1424 1235 dederunt,
1461 1192 1575 1240 plane
1603 1203 1655 1227 re-

147 1255 290 1290 cedunt
336 1266 461 1301 neque
511 1266 610 1301 quae
648 1255 710 1291 vel
751 1260 885 1291 contra
925 1243 1102 1291 mulieres
1141 1255 1201 1291 vel
1243 1267 1314 1302 pro
1351 1255 1445 1302 eis2)
1481 1255 1656 1291 dicuntur
1709 1268 1713 1271 ·

148 1318 302 1356 maioris
340 1318 526 1354 momenti
561 1324 668 1362 sunt,
710 1319 778 1354 sed
805 1318 885 1354 eius
913 1318 1040 1354 solum
1067 1319 1217 1365 generis
1245 1331 1345 1366 quae
1372 1317 1656 1366 Aristophanes

147 1381 509 1434 ubiquekquotiens
537 1381 689 1417 occasio
717 1380 847 1416 oblata
874 1385 944 1423 est,
974 1381 1123 1417 adicere
1150 1380 1304 1427 soletss).
1350 1380 1521 1417 Fabulae
1548 1392 1655 1428 argu-

147 1449 320 1480 mentum
347 1442 515 1491 simplex
542 1448 612 1487 est,
641 1448 775 1480 contra
803 1455 919 1480 unum
948 1443 1169 1492 Euripidem
1198 1444 1469 1491 compositum.

249 1505 391 1543 Omnia
428 1505 505 1542 fere
543 1507 706 1542 astutiae
743 1506 973 1554 Euripideae
1008 1507 1189 1554 exempla
1225 1519 1276 1543 ex
1312 1507 1429 1554 ipsius
1465 1507 1655 1554 Euripidis

146 1569 356 1618 tragoediis
391 1569 440 1605 ab
471 1567 733 1616 Aristophane
771 1569 971 1617 diligenter
1007 1570 1169 1617 repetita
1206 1582 1290 1606 esse
1327 1581 1444 1617 supra
1470 1570 1653 1606 vidimus:
1690 1606 1692 1608 ,

145 1638 234 1669 sunt
261 1631 471 1679 Telephus,
510 1631 747 1674 Palamedes,
787 1632 947 1675 Helena,
985 1633 1257 1675 Andromeda,
1296 1644 1457 1679 quarum
1494 1637 1655 1680 utraque

144 1707 325 1743 suprema
353 1706 455 1731 anno
483 1694 666 1742 proximo
693 1700 780 1731 acta
808 1707 900 1742 prae
928 1695 1063 1731 ceteris
1083 1694 1378 1732 Atheniensium
1405 1695 1591 1732 memoria
1618 1700 1656 1731 et

144 1758 412 1795 recordatione
439 1758 662 1802 tenebatur3
696 1770 817 1804 neque
845 1758 925 1794 sine
953 1757 1080 1805 aliqua
1107 1759 1275 1795 veritatis
1302 1762 1430 1806 specie
1458 1757 1655 1801 efficimus,

143 1827 235 1857 tunc
253 1821 380 1869 ipsum
399 1833 487 1857 cum
506 1820 698 1857 Helenam
718 1820 1090 1869 Andromedamque
1108 1819 1321 1869 spectabat,
1350 1820 1654 1868 Aristophanem

142 1884 571 1931 Thesmophoriazusas
614 1884 847 1930 concepisse.
919 1883 1050 1920 Unum
1090 1884 1204 1931 idque
1244 1884 1420 1921 ultimum
1461 1883 1654 1920 sollertiae

143 1946 376 1995 Euripideae
412 1946 626 1994 specimen,
664 1958 741 1993 quo
778 1945 907 1982 fabula
934 1946 983 1982 ad
1011 1945 1126 1982 finem
1150 1935 1392 1994 perducitur,
1436 1947 1517 1994 ipse
1545 1933 1678 1982 finxit·

144 2011 326 2048 comicus.
382 2009 462 2046 Suo
482 2010 577 2046 >iure
614 2009 769 2057 Haag4)
805 2008 910 2046 illum
947 2007 1172 2046 comoediae
1208 2010 1356 2047 exitum
1392 2004 1654 2059 ἑπειςοδιώδη

143 2074 335 2119 nominat;
362 2085 454 2110 sane
482 2073 612 2109 durior
638 2078 698 2109 est
724 2072 1215 2120 Thesmophoriazusarum
1240 2073 1336 2116 finis,
1365 2073 1433 2109 sed
1460 2085 1482 2109 e
1508 2074 1654 2109 ratione

143 2137 432 2186 Aristophanea
468 2138 498 2173 si
535 2137 659 2173 minus
695 2136 850 2184 probari
884 2142 924 2173 at
958 2142 1061 2173 certe
1097 2136 1267 2185 intellegi
1294 2141 1434 2185 potest.
1488 2136 1590 2173 Nam
1618 2136 1654 2172 in

247 2287 272 2326 ¹)
293 2289 364 2317 Non
393 2288 458 2317 sine
489 2293 572 2317 certo
604 2286 731 2316 consilio
760 2288 980 2326 Aristophanes
1012 2297 1080 2316 eum
1112 2298 1140 2317 V.
1167 2295 1226 2325 927
1257 2288 1406 2316 dicentem
1435 2287 1506 2316 facit
1535 2284 1577 2326 ἢν
1607 2285 1653 2328 μὴ

142 2339 337 2383 προλίπωσ’
366 2342 410 2371 αἱ
428 2343 549 2382 μυρίαι
569 2351 613 2381 με
634 2342 795 2381 μηχαναί.

247 2392 274 2431 ²)
294 2394 418 2423 Thesm.
442 2393 498 2430 785
524 2403 592 2431 sqq.

245 2444 271 2484 ¹³)
293 2446 379 2475 Haec
401 2446 551 2475 sententia
572 2454 634 2473 non
656 2449 799 2478 mutatur,
824 2445 847 2473 si
869 2444 1078 2481 concedimus,
1096 2445 1333 2482 Aristophanem
1356 2445 1482 2474 fortasse
1504 2448 1566 2474 non
1588 2455 1656 2474 eam

144 2510 235 2538 quam
267 2499 325 2529 sibi
356 2499 514 2538 proposuit
540 2499 729 2528 choricorum
759 2497 991 2536 amplitudinem
1019 2502 1049 2526 et
1078 2498 1246 2527 ubertatem
1275 2502 1444 2527 assecutum
1471 2507 1549 2532 esse,
1585 2498 1657 2536 quia

143 2553 308 2590 Lysistrata
330 2553 436 2582 fabula
462 2562 524 2581 non
546 2553 644 2581 multo
661 2542 736 2580 *ante
758 2552 848 2580 docta
874 2551 939 2580 eius
967 2551 1044 2580 vires
1074 2555 1220 2589 quantum
1249 2551 1288 2580 ad
1318 2551 1457 2580 mulieres
1487 2551 1657 2580 tractandas

106 2604 108 2606 ’
142 2606 335 2645 pertinebant
356 2606 544 2635 exhauserat.

245 2657 272 2697 ⁴)
292 2659 313 2689 1.
336 2669 363 2689 a.
385 2667 407 2695 4
428 2659 498 2688 adn.
525 2658 594 2688 18a.
