1826 3088
778 240 1028 279 -59-

225 346 227 348 ·
256 328 364 364 Idem
402 328 515 376 igitur
550 329 580 366 si
609 329 814 367 Zielinskio
849 333 1036 370 credimus
1064 331 1274 379 Calligenia
1308 337 1347 368 et
1373 331 1507 368 Nestia
1542 342 1651 378 argu-

155 396 327 427 mentum
363 391 577 428 habuerunt
603 393 655 429 ita
680 398 810 430 tamen
836 400 878 430 ut
903 388 1031 431 fabula
1058 394 1198 430 amissa
1225 396 1467 442 superstitem
1495 406 1648 431 comoe-

156 453 257 489 diam
294 453 415 490 multo
450 460 646 502 superaret
671 455 820 492 virtute.
874 456 973 493 Nam
1001 468 1089 492 cum
1112 457 1259 493 comico
1287 469 1412 504 agone
1440 456 1650 504 Calligenia

156 521 258 552 esset
289 516 469 564 instructa
502 523 583 554 tum
619 517 759 555 chorus
793 518 888 555 illius
924 519 1147 556 comoediae
1181 519 1295 566 longe
1334 520 1408 555 alio
1445 519 1647 566 magisque

156 580 331 627 egregrio
366 580 495 617 colore
530 580 697 618 imbutus
733 586 815 618 erat
842 593 955 629 quam
983 582 1128 618 ieiunae
1156 582 1366 629 superstitis
1393 581 1543 618 fabulae
1571 593 1649 617 mu-

155 641 275 678 lieres.
321 642 491 690 Dignum
517 650 576 680 est
600 644 692 680 illud
712 645 900 681 Zielinskii
927 646 1118 681 somnium
1138 645 1242 690 quod
1262 645 1531 688 consideretur,
1561 645 1650 691 quia

130 707 133 711 ’
155 704 564 753 Thesmophoriazusis
582 721 608 745 α
636 707 775 746 nititur.

256 768 306 804 V.
332 769 382 815 96
408 781 492 816 sqq.
521 769 681 817 Agatho
717 770 976 817 eccyclemate
1009 776 1214 817 provectus
1248 771 1527 817 spectatoribus
1563 782 1646 817 spe-

156 830 278 867 cimen
306 831 396 868 artis
423 843 514 869 suae
540 832 625 878 dat3
654 838 741 869 sunt
759 832 876 869 verba
894 832 1033 869 actoris
1052 832 1205 869 alicuius
1226 844 1312 868 cum
1331 832 1436 868 chori
1455 832 1649 879 responsis

155 895 358 941 permixta.
406 894 438 941 J.
462 895 511 931 H.
531 895 636 931 Voss
662 902 701 932 et
727 896 773 932 R.
797 896 967 943 Enger1)
995 896 1084 932 olim
1116 901 1328 932 statuerunt
1354 895 1460 932 illum
1487 896 1648 932 chorum

157 967 178 991 e
213 956 333 993 Musis
373 957 598 1008 consistere,
640 970 738 1005 quae
775 959 812 994 in
851 959 969 994 domo
1006 958 1223 1005 Agathonis
1258 958 1399 994 versari
1434 958 1648 994 censendae

157 1026 295 1055 essent.
351 1017 461 1066 Quae
487 1019 582 1055 mira
609 1020 738 1068 opinio
765 1020 889 1056 solum
917 1021 1046 1056 nititur
1072 1032 1131 1056 vv.
1160 1030 1203 1065 41
1236 1031 1340 1066 sqq.:

890 1081 1077 1133 ἐπιδημεῖ
1105 1079 1176 1132 γάρ

547 1143 694 1190 θίασος
719 1146 894 1182 Μουσῶν
921 1143 1030 1182 ἔνδον
1055 1141 1264 1193 μελάθρων

545 1207 622 1244 τῶν
647 1202 896 1245 δεσποσύνων
921 1207 1159 1254 μελοποιῶν.

259 1277 371 1327 Quae
390 1278 507 1316 verba
526 1279 615 1328 quid
632 1278 733 1316 aliud
752 1278 964 1327 significant
979 1279 1047 1316 nisi
1059 1280 1303 1316 tumidiorem
1317 1280 1415 1316 servi
1429 1279 1647 1322 dictionem,

159 1343 223 1389 qui
250 1354 468 1379 sermonem
494 1343 637 1379 domini
664 1343 830 1379 imitatus
856 1343 1021 1390 graviter
1048 1343 1156 1380 dicit:
1190 1343 1345 1379 »Musae
1371 1343 1407 1379 in
1431 1342 1527 1379 aede
1544 1341 1651 1378 herili

158 1410 393 1449 versantur«,
429 1416 516 1441 cum
544 1404 635 1451 illud
661 1404 786 1441 solum
815 1405 1027 1452 exprimere
1054 1405 1161 1441 velit:
1209 1405 1418 1441 »Dominus
1445 1417 1554 1441 meus
1580 1411 1651 1440 tra-

158 1468 338 1515 goediam
356 1467 519 1504 scribere
538 1473 668 1515 parat«
686 1466 698 1503 ?
724 1467 845 1504 Recte
863 1467 1098 1514 Bakhuyzen
1109 1467 1157 1516 2):
1192 1467 1415 1503 ›Famulum
1430 1467 1650 1519 Agathonis

158 1529 358 1578 ampullari
377 1535 418 1566 ut
435 1529 472 1566 in
490 1528 801 1566 Acharnensibus
816 1529 1064 1577 Cephisopho
1081 1542 1195 1566 nemo
1214 1542 1290 1565 non
1308 1530 1594 1566 animadvertit«
1606 1529 1650 1575 ⁸).

158 1591 236 1629 Sed
271 1593 355 1640 ipse
380 1592 511 1640 Enger
545 1592 611 1629 tali
648 1593 810 1629 occurrit
842 1592 1085 1629 dubitationi:
1128 1593 1254 1639 »quod
1290 1592 1402 1639 (servi
1438 1605 1489 1629 sc.
1519 1592 1651 1638 verba)

159 1668 236 1693 non
270 1668 354 1693 esse
393 1655 588 1704 poeticum
629 1653 854 1703 figmentum
889 1655 974 1691 inde
1010 1660 1172 1703 apparet
1207 1656 1311 1704 quod
1347 1653 1485 1703 postea
1519 1666 1652 1690 musae

158 1731 290 1756 revera
316 1720 604 1756 introducuntur
630 1724 846 1757 canentes«.
899 1718 988 1755 Non
1013 1718 1115 1755 licuit
1141 1718 1297 1766 Engero
1324 1720 1407 1766 ipsa
1433 1718 1652 1766 Agathonis

158 1782 275 1819 verba
302 1782 512 1818 sententiae
539 1793 630 1817 suae
657 1781 968 1829 comprobandae
995 1781 1195 1824 adhibere,
1231 1782 1411 1827 quoniam
1439 1782 1477 1817 in
1503 1781 1651 1827 vulgari

157 1844 421 1893 requiescebat
447 1844 607 1880 lectione
634 1837 703 1893 ὄὶγε
735 1857 800 1881 νυν
826 1840 955 1891 ὄλβιζε
981 1843 1140 1882 Μοῦσα.
1195 1842 1405 1891 Quomodo
1433 1843 1593 1891 Agatho
1621 1843 1652 1879 si

158 1906 356 1944 Musarum
382 1907 542 1943 chorum
570 1906 781 1953 appellaret
808 1905 987 1953 singulari
1014 1904 1139 1941 forma
1165 1907 1218 1942 uti
1236 1906 1413 1954 poterat?
1453 1905 1530 1942 Sed
1549 1911 1653 1942 recte

158 1969 320 2008 fortasse
352 1970 451 2006 hanc
481 1967 745 2006 difficultatem
774 1968 970 2017 expedivit
995 1967 1044 2004 U.
1073 1968 1121 2004 de
1148 1968 1441 2016 Wilamowitz4)
1483 1962 1588 2018 ἄγετ’
1620 1959 1652 2005 ὦ

159 2144 228 2164 vere
255 2135 280 2163 is
310 2134 361 2173 qui
388 2133 491 2162 ceteris
518 2131 696 2161 sententiam
726 2140 809 2159 suam
831 2131 937 2169 probat
964 2133 1049 2172 νικᾷ.
1092 2130 1144 2169 (cf.
1167 2138 1224 2170 305
1247 2140 1329 2169 sqq.:
1359 2132 1416 2161 καὶ
1437 2127 1497 2168 τὴν
1521 2130 1652 2171 δρῶσαν

158 2186 221 2226 τὴν
248 2184 276 2217 τ’
306 2184 533 2228 ἀγορεύουσαν
559 2183 600 2215 τὰ
626 2185 776 2222 βέλτιστα
806 2185 885 2223 περὶ
913 2182 972 2215 τὸν
1004 2185 1113 2226 δῆμον
1133 2183 1192 2215 τὸν
1215 2185 1279 2216 τῶν
1301 2184 1470 2224 γυναικῶν
1491 2182 1654 2221 ταύτην

160 2239 306 2279 νικᾶν.)

262 2292 287 2331 ¹)
306 2294 328 2322 l.
352 2293 374 2322 1.
394 2302 425 2330 p.
448 2300 487 2328 24
508 2302 553 2330 sq.

261 2345 287 2385 Β)
306 2347 328 2376 1.
349 2355 377 2376 a.
401 2355 431 2384 p.
456 2352 522 2375 112.

227 2420 231 2424 -
263 2399 289 2439 ⁸)
309 2400 424 2430 Eadem
447 2399 590 2437 deceptus
617 2408 648 2427 re
669 2397 746 2427 falso
765 2397 960 2427 Schoenborn
989 2397 1136 2426 vocabulo
1161 2393 1322 2438 θριγκούς
1344 2393 1387 2434 (ν.
1412 2394 1465 2434 57)
1488 2395 1527 2424 ad
1549 2405 1656 2425 scenae

160 2457 354 2492 conspectum
377 2451 581 2480 definiendum
604 2461 673 2479 usus
695 2456 739 2479 est
758 2455 862 2479 contra
883 2459 971 2486 quem
994 2456 1073 2479 recte
1094 2450 1231 2487 Droysen
1254 2460 1284 2487 p.
1301 2456 1340 2485 70
1360 2448 1490 2477 affirmat
1521 2449 1655 2478 »Aristo-

159 2507 291 2546 phanem
313 2506 389 2535 illud
410 2505 533 2533 verbum
554 2513 610 2543 pro
630 2501 721 2545 θύρα
742 2512 827 2533 servo
849 2502 977 2537 dedisse,
1001 2508 1035 2531 ut
1055 2501 1244 2540 exprimeret.
1269 2501 1388 2540 poetica
1410 2501 1473 2530 heri
1493 2501 1521 2530 vi
1536 2510 1654 2530 servum

159 2559 304 2589 infectum
324 2568 418 2588 osse«.

261 2611 287 2650 ⁴)
307 2613 416 2651 [syllos
435 2621 494 2639 von
515 2611 706 2648 Epidaurus,
730 2610 834 2639 Berlin
857 2608 941 2638 1886
957 2613 991 2646 p.
1015 2609 1077 2644 156
1098 2619 1140 2647 sq.
