1826 3088
805 302 1059 347 —38-

179 404 252 440 »So
296 403 448 440 scheint
487 403 790 453 Aristophanes,
844 403 975 442 z'ndem
1023 418 1069 442 er
1110 396 1174 442 die
1211 403 1573 452 Resultatloszgkeit
1614 403 1682 441 des

171 466 359 513 Kampfes
379 478 508 513 gegen
537 467 600 503 die
632 466 782 503 Wez'ber
806 466 944 503 hbchst
968 468 1164 504 drastisch
1189 479 1279 502 zum
1302 466 1512 503 Ausdruck
1538 466 1682 514 bringt,

164 528 416 578 gleichzeitzg
462 530 545 579 auf
575 530 649 567 den
691 530 808 567 dari‘n
847 529 1048 578 liegenden
1088 528 1392 575 kic'nstlerischen
1433 528 1583 566 Fehler‘
1612 528 1682 565 des

170 592 392 639 Euripides.
408 591 533 628 haben
561 593 775 630 hz'nweisen
801 592 975 630 wellen«.

902 820 952 858 V.

171 925 257 967 DE
307 924 684 969 COMOEDIAE
728 924 1030 968 PARTIBUS
1074 924 1265 966 INTER
1309 924 1680 967 HISTRIONES

685 996 1173 1041 DISTRIBUENDIS.

274 1160 769 1209 Thesmophoriazusarum
798 1166 927 1209 partes
954 1161 1052 1197 inter
1069 1166 1220 1205 actores
1239 1160 1518 1209 dispertiendas
1537 1160 1683 1209 primus

171 1224 340 1271 suscepit
367 1224 414 1262 R.
440 1224 611 1272 Enger1)
653 1235 778 1272 neque
814 1224 938 1260 multo
973 1229 1065 1271 post
1095 1223 1202 1259 illum
1234 1222 1274 1260 C.
1302 1224 1441 1271 Beerss)
1470 1225 1682 1261 accuratius

170 1292 209 1323 et
245 1285 389 1323 felicius
426 1287 590 1323 eandem
627 1299 709 1324 rem
746 1287 946 1330 tractavit,
985 1299 1031 1323 ea
1065 1286 1309 1334 potissimum
1345 1299 1386 1323 re
1421 1286 1469 1323 de
1495 1286 1682 1324 Thesmo-

169 1348 408 1396 phoriazusis
435 1348 546 1385 bene·
563 1349 732 1392 meritus,
767 1349 870 1395 quod
898 1354 1083 1396 magnum
1111 1360 1312 1385 numerum
1340 1336 1553 1394 mulierum,
1582 1361 1682 1397 quae

170 1412 207 1448 in
235 1411 365 1449 fabula
393 1424 509 1460 agere
535 1413 724 1457 videntur,
753 1411 865 1448 certis
893 1411 1025 1461 eisque
1052 1411 1201 1459 exiguis
1218 1410 1357 1448 finibus
1375 1411 1681 1460 circumscripsit.

169 1475 213 1511 In
248 1475 491 1522 gravioribus
526 1470 642 1523 plane
678 1489 767 1514 cum
802 1489 850 1513 eo
884 1475 1104 1519 consenti03
1141 1480 1272 1511 tamen
1307 1475 1452 1512 leviora
1490 1477 1682 1524 quaedam

171 1543 390 1582 occurrunt,
420 1549 520 1586 quae
545 1550 607 1574 me
635 1544 806 1583 movent,
835 1544 876 1575 ut
901 1539 1029 1576 denuo
1056 1538 1107 1573 de
1133 1533 1361 1573 comoediae
1388 1538 1560 1585 partibus
1587 1539 1685 1575 inter

170 1602 376 1638 histriones
404 1602 675 1639 distribuendis
703 1615 828 1650 pauca
854 1603 1052 1639 disseram.

274 1662 427 1699 Initium
456 1663 554 1700 facio
583 1665 820 1712 quaestionis
845 1665 895 1701 ab
923 1664 1042 1711 ipsius
1069 1663 1231 1710 Beeriia)
1259 1663 1403 1699 verbis:
1442 1664 1521 1700 »Es
1548 1665 1604 1700 ist
1628 1665 1683 1700 im

171 1726 303 1773 Lause
339 1739 503 1763 unserer
535 1725 834 1775 Untersuchung
866 1739 916 1764 zu
951 1725 1227 1764 wz'ederholten
1250 1726 1383 1762 Malen
1420 1726 1578 1775 darauf
1594 1727 1680 1772 auf-

170 1788 371 1825 merksam
401 1788 588 1837 gemacht
618 1789 798 1835 worden,
840 1789 931 1837 dass
969 1789 1041 1825 der
1064 1788 1231 1824 Dichter
1263 1789 1338 1824 das
1366 1788 1575 1842 Aufl‘reten
1603 1790 1689 1825 und

170 1852 357 1901 Abgehen
385 1852 457 1889 der
481 1852 723 1904 handelnden
742 1852 937 1890 Personen
964 1851 1119 1889 z'c'berall
1131 1851 1314 1900 passend
1329 1851 1529 1889 motiviert
1544 1852 1680 1889 habe‹<·.

170 1915 258 1951 Acu
294 1915 422 1962 tetigit
457 1915 579 1958 homo
611 1917 749 1952 doctus
784 1928 871 1953 earn
898 1928 1000 1959 rem,
1039 1927 1116 1962 qua
1143 1915 1283 1954 nitatur
1310 1921 1467 1962 oportet
1494 1916 1524 1951 is
1553 1916 1618 1963 qui
1645 1917 1682 1952 in

169 1978 477 2015 distributionem
513 1978 681 2026 partium
716 1984 971 2027 actorumque
1003 1990 1205 2014 numerum
1231 1971 1396 2024 inquirit.
1450 1977 1586 2025 Itaque
1613 1990 1685 2015 nos

170 2054 327 2091 quoque
354 2042 580 2090 priusquam
606 2042 857 2079 distribuendi
885 2053 1044 2079 munere
1071 2040 1285 2089 fungamur,
1314 2041 1515 2088 quomodo
1534 2041 1682 2079 Aristo·

168 2105 317 2154 phanes
354 2117 542 2154 personas
577 2111 644 2143 aut
678 2106 834 2143 inducat
873 2111 941 2142 aut
975 2110 1157 2142 amoveat
1189 2116 1363 2153 quasque
1398 2104 1596 2152 utriusque
1631 2105 1686 2142 rei

167 2168 304 2206 afferat
341 2181 478 2207 causas
513 2169 724 2207 videamus
778 2167 866 2217 Qua
901 2180 991 2206 cum
1018 2180 1059 2205 re
1086 2173 1195 2217 apte,
1232 2168 1391 2216 opinor,
1429 2167 1683 2216 coniungetur

166 2232 288 2269 altera
316 2233 512 2281 quaestio,
550 2245 627 2281 qua
654 2232 799 2269 scilicet
826 2232 974 2269 ratione
1001 2237 1120 2279 poeta
1145 2237 1406 2280 spectatores,
1445 2231 1590 2280 quippe
1618 2232 1682 2279 qui

166 2307 421 2344 personarum
456 2296 639 2343 catalogo
673 2301 716 2332 ut
750 2296 802 2331 ita
836 2296 962 2332 dicam
998 2300 1172 2338 careant,
1209 2295 1259 2331 de
1294 2294 1512 2331 nominibus
1546 2306 1681 2331 eorum

166 2361 231 2407 qui
259 2365 381 2408 agunt
408 2349 592 2398 certiores
620 2359 746 2397 faciat.
774 2382 821 2387 —
1518 2403 1521 2406 Α

217 2436 251 2460 ν.
279 2434 308 2460 1.
363 2418 584 2473 Εὐριπίδης
610 2429 650 2460 et
676 2422 862 2473 κηδεστής
887 2423 926 2458 in
953 2434 1109 2458 scenam
1136 2423 1340 2469 prodeunt.
1394 2421 1547 2458 Nomen
1575 2421 1681 2458 Euri-

413 2487 512 2535 pidis
551 2487 682 2524 statim
722 2484 879 2522 affertur
919 2497 954 2521 v.
991 2494 1017 2530 4
1057 2475 1269 2536 ὦύριπίδη.
1331 2483 1552 2522 Subsistunt
1591 2490 1680 2522 ante

269 2590 294 2628 ¹)
315 2592 363 2619 De
384 2590 564 2619 histrionum
587 2590 618 2618 in
641 2568 853 2626 Aristophanis
876 2587 1063 2625 Thesmoph.
1085 2597 1219 2623 numero,
1242 2597 1344 2627 progr.
1368 2588 1493 2626 Oppeln
1519 2588 1606 2623 1840.

268 2642 293 2681 2)
318 2638 396 2672 Uber
415 2643 462 2672 die
484 2643 565 2671 7ahl
583 2643 637 2672 der
656 2642 867 2679 Schau'spieler
886 2641 931 2670 bei
948 2640 1176 2678 Aristophanes,
1203 2640 1329 2678 Leipaeig
1346 2640 1431 2677 1844
1447 2644 1482 2678 p.
1505 2639 1545 2669 ⁶1
1567 2650 1630 2680 sqq.

267 2696 293 2733 Β)
314 2697 333 2727 1.
356 2697 376 2726 l.
399 2707 429 2735 p.
452 2696 502 2725 61.
