<?xml version="1.0" encoding="UTF-8"?>
<!DOCTYPE html PUBLIC "-//W3C//DTD XHTML 1.0 Transitional//EN"
    "http://www.w3.org/TR/xhtml1/DTD/xhtml1-transitional.dtd">
<html xmlns="http://www.w3.org/1999/xhtml" xml:lang="en" lang="en">
 <head>
  <title>
</title>
<meta http-equiv="Content-Type" content="text/html;charset=utf-8" />
  <meta name='ocr-system' content='tesseract 3.04.00' />
  <meta name='ocr-capabilities' content='ocr_page ocr_carea ocr_par ocr_line ocrx_word'/>
</head>
<body>
  <div class='ocr_page' id='page_1' title='image "./4627078_0065.png"; bbox 0 0 1826 3088; ppageno 0'>
   <div class='ocr_carea' id='block_1_1' title="bbox 782 268 1030 316">
    <p class='ocr_par' dir='ltr' id='par_1_1' title="bbox 782 268 1030 316">
     <span class='ocr_line' id='line_1_1' title="bbox 782 268 1030 316; baseline -0.008 -19"><span class='ocrx_word' id='word_1_1' title='bbox 782 268 1030 316; x_wconf 38' lang='lat'>*56-</span> 
     </span>
    </p>
   </div>
   <div class='ocr_carea' id='block_1_2' title="bbox 151 370 1664 1050">
    <p class='ocr_par' dir='ltr' id='par_1_2' title="bbox 151 370 1664 1050">
     <span class='ocr_line' id='line_1_2' title="bbox 155 370 1663 419; baseline -0.001 -8"><span class='ocrx_word' id='word_1_2' title='bbox 155 374 322 411; x_wconf 91' lang='lat' dir='ltr'>silochus</span> <span class='ocrx_word' id='word_1_3' title='bbox 357 371 573 409; x_wconf 88' lang='lat' dir='ltr'>sacrificans</span> <span class='ocrx_word' id='word_1_4' title='bbox 610 372 819 419; x_wconf 91' lang='lat' dir='ltr'>quicquam</span> <span class='ocrx_word' id='word_1_5' title='bbox 851 370 1073 408; x_wconf 89' lang='lat' dir='ltr'>offensionis</span> <span class='ocrx_word' id='word_1_6' title='bbox 1101 370 1315 419; x_wconf 91' lang='lat' dir='ltr'>praeberet.</span> <span class='ocrx_word' id='word_1_7' title='bbox 1368 370 1469 407; x_wconf 88' lang='lat' dir='ltr'>Nam</span> <span class='ocrx_word' id='word_1_8' title='bbox 1496 372 1663 419; x_wconf 91' lang='lat' dir='ltr'>primum</span> 
     </span>
     <span class='ocr_line' id='line_1_3' title="bbox 155 433 1664 483; baseline -0.001 -10"><span class='ocrx_word' id='word_1_9' title='bbox 155 449 262 473; x_wconf 89' lang='lat' dir='ltr'>sacra</span> <span class='ocrx_word' id='word_1_10' title='bbox 289 436 371 479; x_wconf 85' lang='lat' dir='ltr'>illa,</span> <span class='ocrx_word' id='word_1_11' title='bbox 408 435 451 471; x_wconf 87' lang='lat' dir='ltr'>·id</span> <span class='ocrx_word' id='word_1_12' title='bbox 480 435 729 483; x_wconf 86' lang='lat' dir='ltr'>quodsupra</span> <span class='ocrx_word' id='word_1_13' title='bbox 755 434 971 471; x_wconf 84' lang='lat' dir='ltr'>ostendisse</span> <span class='ocrx_word' id='word_1_14' title='bbox 999 434 1091 470; x_wconf 92' lang='lat' dir='ltr'>mihi</span> <span class='ocrx_word' id='word_1_15' title='bbox 1117 433 1261 477; x_wconf 86' lang='lat' dir='ltr'>videor,</span> <span class='ocrx_word' id='word_1_16' title='bbox 1296 435 1568 471; x_wconf 88' lang='lat' dir='ltr'>tantummodo</span> <span class='ocrx_word' id='word_1_17' title='bbox 1597 435 1664 472; x_wconf 88' lang='lat' dir='ltr'>fin-</span> 
     </span>
     <span class='ocr_line' id='line_1_4' title="bbox 154 491 1663 548; baseline 0.001 -13"><span class='ocrx_word' id='word_1_18' title='bbox 154 505 294 548; x_wconf 84' lang='lat' dir='ltr'>guntur</span> <span class='ocrx_word' id='word_1_19' title='bbox 331 509 457 544; x_wconf 90' lang='lat' dir='ltr'>neque</span> <span class='ocrx_word' id='word_1_20' title='bbox 493 494 542 535; x_wconf 84' lang='grc' dir='ltr'>τὰ</span> <span class='ocrx_word' id='word_1_21' title='bbox 577 491 744 535; x_wconf 82' lang='grc' dir='ltr'><strong><em>πόπανα</em></strong></span> <span class='ocrx_word' id='word_1_22' title='bbox 783 508 907 544; x_wconf 92' lang='lat' dir='ltr'>neque</span> <span class='ocrx_word' id='word_1_23' title='bbox 944 492 968 548; x_wconf 82' lang='grc' dir='ltr'>ἡ</span> <span class='ocrx_word' id='word_1_24' title='bbox 1004 495 1118 547; x_wconf 84' lang='grc' dir='ltr'><strong><em>κίστη</em></strong></span> <span class='ocrx_word' id='word_1_25' title='bbox 1154 507 1287 532; x_wconf 87' lang='lat' dir='ltr'>revera</span> <span class='ocrx_word' id='word_1_26' title='bbox 1323 496 1482 542; x_wconf 88' lang='lat' dir='ltr'>adsunt;</span> <span class='ocrx_word' id='word_1_27' title='bbox 1524 498 1663 536; x_wconf 92' lang='lat' dir='ltr'>deinde</span> 
     </span>
     <span class='ocr_line' id='line_1_5' title="bbox 154 558 1663 616; baseline 0.001 -19"><span class='ocrx_word' id='word_1_28' title='bbox 154 561 438 608; x_wconf 77' lang='lat' dir='ltr'>Aristophanes</span> <span class='ocrx_word' id='word_1_29' title='bbox 478 561 515 596; x_wconf 92' lang='lat' dir='ltr'>in</span> <span class='ocrx_word' id='word_1_30' title='bbox 543 560 769 596; x_wconf 83' lang='lat' dir='ltr'>comoediae</span> <span class='ocrx_word' id='word_1_31' title='bbox 797 559 983 616; x_wconf 76' lang='lat' dir='ltr'>principio</span> <span class='ocrx_word' id='word_1_32' title='bbox 1011 559 1167 607; x_wconf 84' lang='lat' dir='ltr'>aliquod</span> <span class='ocrx_word' id='word_1_33' title='bbox 1194 558 1438 595; x_wconf 87' lang='lat' dir='ltr'>sollemnium</span> <span class='ocrx_word' id='word_1_34' title='bbox 1466 562 1663 608; x_wconf 83' lang='lat' dir='ltr'>specimen</span> 
     </span>
     <span class='ocr_line' id='line_1_6' title="bbox 154 620 1663 673; baseline -0.001 -11"><span class='ocrx_word' id='word_1_35' title='bbox 154 622 434 673; x_wconf 88' lang='lat' dir='ltr'>spectatoribus</span> <span class='ocrx_word' id='word_1_36' title='bbox 475 622 662 671; x_wconf 89' lang='lat' dir='ltr'>praebeat</span> <span class='ocrx_word' id='word_1_37' title='bbox 704 626 880 671; x_wconf 85' lang='lat' dir='ltr'>oportet,</span> <span class='ocrx_word' id='word_1_38' title='bbox 926 634 1015 659; x_wconf 91' lang='lat' dir='ltr'>cum</span> <span class='ocrx_word' id='word_1_39' title='bbox 1059 622 1096 658; x_wconf 92' lang='lat' dir='ltr'>in</span> <span class='ocrx_word' id='word_1_40' title='bbox 1138 620 1284 671; x_wconf 92' lang='lat' dir='ltr'>reliqua</span> <span class='ocrx_word' id='word_1_41' title='bbox 1324 620 1454 659; x_wconf 84' lang='lat' dir='ltr'>fabula</span> <span class='ocrx_word' id='word_1_42' title='bbox 1494 624 1663 672; x_wconf 88' lang='lat' dir='ltr'>speciem</span> 
     </span>
     <span class='ocr_line' id='line_1_7' title="bbox 152 685 1662 735; baseline -0.001 -10"><span class='ocrx_word' id='word_1_43' title='bbox 152 686 554 735; x_wconf 89' lang='lat' dir='ltr'>Thesmophoriorum</span> <span class='ocrx_word' id='word_1_44' title='bbox 580 686 696 734; x_wconf 89' lang='lat' dir='ltr'>plane</span> <span class='ocrx_word' id='word_1_45' title='bbox 722 685 875 733; x_wconf 85' lang='lat' dir='ltr'>neglegi</span> <span class='ocrx_word' id='word_1_46' title='bbox 898 686 1107 722; x_wconf 92' lang='lat' dir='ltr'>videamus.</span> <span class='ocrx_word' id='word_1_47' title='bbox 1145 685 1280 733; x_wconf 92' lang='lat' dir='ltr'>Usque</span> <span class='ocrx_word' id='word_1_48' title='bbox 1299 686 1348 723; x_wconf 90' lang='lat' dir='ltr'>ad</span> <span class='ocrx_word' id='word_1_49' title='bbox 1375 686 1529 735; x_wconf 86' lang='lat' dir='ltr'>prologi</span> <span class='ocrx_word' id='word_1_50' title='bbox 1546 687 1662 725; x_wconf 89' lang='lat' dir='ltr'>finem</span> 
     </span>
     <span class='ocr_line' id='line_1_8' title="bbox 152 748 1663 798; baseline 0.001 -11"><span class='ocrx_word' id='word_1_51' title='bbox 152 756 241 787; x_wconf 91' lang='lat' dir='ltr'>ante</span> <span class='ocrx_word' id='word_1_52' title='bbox 276 750 438 787; x_wconf 91' lang='lat' dir='ltr'>domum</span> <span class='ocrx_word' id='word_1_53' title='bbox 469 749 692 798; x_wconf 87' lang='lat' dir='ltr'>Agathonis</span> <span class='ocrx_word' id='word_1_54' title='bbox 719 748 927 796; x_wconf 85' lang='lat' dir='ltr'>agebatur;</span> <span class='ocrx_word' id='word_1_55' title='bbox 964 753 1047 785; x_wconf 89' lang='lat' dir='ltr'>tum</span> <span class='ocrx_word' id='word_1_56' title='bbox 1073 749 1106 784; x_wconf 89' lang='lat' dir='ltr'>ei</span> <span class='ocrx_word' id='word_1_57' title='bbox 1135 749 1199 797; x_wconf 90' lang='lat' dir='ltr'>qui</span> <span class='ocrx_word' id='word_1_58' title='bbox 1226 754 1403 797; x_wconf 86' lang='lat' dir='ltr'>spectant</span> <span class='ocrx_word' id='word_1_59' title='bbox 1430 750 1663 788; x_wconf 89' lang='lat' dir='ltr'>admonendi</span> 
     </span>
     <span class='ocr_line' id='line_1_9' title="bbox 151 810 1662 860; baseline 0.001 -10"><span class='ocrx_word' id='word_1_60' title='bbox 151 819 249 857; x_wconf 89' lang='lat' dir='ltr'>sunt,</span> <span class='ocrx_word' id='word_1_61' title='bbox 278 825 355 850; x_wconf 91' lang='lat' dir='ltr'>non</span> <span class='ocrx_word' id='word_1_62' title='bbox 383 813 460 849; x_wconf 93' lang='lat' dir='ltr'>iam</span> <span class='ocrx_word' id='word_1_63' title='bbox 488 812 591 849; x_wconf 87' lang='lat' dir='ltr'>urbis</span> <span class='ocrx_word' id='word_1_64' title='bbox 619 812 749 848; x_wconf 90' lang='lat' dir='ltr'>nescio</span> <span class='ocrx_word' id='word_1_65' title='bbox 777 823 894 858; x_wconf 89' lang='lat' dir='ltr'>quem</span> <span class='ocrx_word' id='word_1_66' title='bbox 922 810 1061 855; x_wconf 90' lang='lat' dir='ltr'>locum,</span> <span class='ocrx_word' id='word_1_67' title='bbox 1101 823 1179 859; x_wconf 94' lang='lat' dir='ltr'>quo</span> <span class='ocrx_word' id='word_1_68' title='bbox 1207 811 1369 860; x_wconf 88' lang='lat' dir='ltr'>Agatho</span> <span class='ocrx_word' id='word_1_69' title='bbox 1396 811 1555 858; x_wconf 86' lang='lat' dir='ltr'>habitat,</span> <span class='ocrx_word' id='word_1_70' title='bbox 1593 815 1662 851; x_wconf 93' lang='lat' dir='ltr'>sed</span> 
     </span>
     <span class='ocr_line' id='line_1_10' title="bbox 151 874 1663 924; baseline 0.001 -11"><span class='ocrx_word' id='word_1_71' title='bbox 151 888 299 914; x_wconf 89' lang='lat' dir='ltr'>sacram</span> <span class='ocrx_word' id='word_1_72' title='bbox 335 875 637 924; x_wconf 90' lang='lat' dir='ltr'>Thesmophorii</span> <span class='ocrx_word' id='word_1_73' title='bbox 675 875 873 923; x_wconf 86' lang='lat' dir='ltr'>regionem</span> <span class='ocrx_word' id='word_1_74' title='bbox 914 886 999 911; x_wconf 90' lang='lat' dir='ltr'>sese</span> <span class='ocrx_word' id='word_1_75' title='bbox 1037 875 1269 923; x_wconf 90' lang='lat' dir='ltr'>conspicere.</span> <span class='ocrx_word' id='word_1_76' title='bbox 1334 874 1514 923; x_wconf 81' lang='lat' dir='ltr'>Quanam</span> <span class='ocrx_word' id='word_1_77' title='bbox 1550 889 1590 914; x_wconf 93' lang='lat' dir='ltr'>re</span> <span class='ocrx_word' id='word_1_78' title='bbox 1625 877 1663 915; x_wconf 92' lang='lat' dir='ltr'>id</span> 
     </span>
     <span class='ocr_line' id='line_1_11' title="bbox 152 937 1661 987; baseline 0.001 -11"><span class='ocrx_word' id='word_1_79' title='bbox 152 940 287 976; x_wconf 90' lang='lat' dir='ltr'>melius</span> <span class='ocrx_word' id='word_1_80' title='bbox 322 938 403 986; x_wconf 89' lang='lat' dir='ltr'>fieri</span> <span class='ocrx_word' id='word_1_81' title='bbox 439 944 594 987; x_wconf 90' lang='lat' dir='ltr'>poterat</span> <span class='ocrx_word' id='word_1_82' title='bbox 632 950 750 986; x_wconf 92' lang='lat' dir='ltr'>quam</span> <span class='ocrx_word' id='word_1_83' title='bbox 786 950 832 974; x_wconf 94' lang='lat' dir='ltr'>eo</span> <span class='ocrx_word' id='word_1_84' title='bbox 870 938 976 985; x_wconf 91' lang='lat' dir='ltr'>quod</span> <span class='ocrx_word' id='word_1_85' title='bbox 1013 937 1274 976; x_wconf 89' lang='lat' dir='ltr'>Mnesilochus</span> <span class='ocrx_word' id='word_1_86' title='bbox 1310 939 1477 976; x_wconf 90' lang='lat' dir='ltr'>mulieris</span> <span class='ocrx_word' id='word_1_87' title='bbox 1504 940 1661 977; x_wconf 88' lang='lat' dir='ltr'>Atticae</span> 
     </span>
     <span class='ocr_line' id='line_1_12' title="bbox 151 997 1509 1050; baseline -0.001 -11"><span class='ocrx_word' id='word_1_88' title='bbox 151 1014 358 1050; x_wconf 86' lang='lat' dir='ltr'>personam</span> <span class='ocrx_word' id='word_1_89' title='bbox 383 1014 503 1049; x_wconf 91' lang='lat' dir='ltr'>agens</span> <span class='ocrx_word' id='word_1_90' title='bbox 532 1000 840 1048; x_wconf 89' lang='lat' dir='ltr'>Thesmophoris</span> <span class='ocrx_word' id='word_1_91' title='bbox 868 1005 978 1036; x_wconf 84' lang='lat' dir='ltr'>sacra</span> <span class='ocrx_word' id='word_1_92' title='bbox 1005 1000 1094 1036; x_wconf 89' lang='lat' dir='ltr'>facit</span> <span class='ocrx_word' id='word_1_93' title='bbox 1121 1006 1289 1048; x_wconf 89' lang='lat' dir='ltr'>votaque</span> <span class='ocrx_word' id='word_1_94' title='bbox 1317 997 1509 1049; x_wconf 86' lang='lat' dir='ltr'>concipit?</span> 
     </span>
    </p>
   </div>
   <div class='ocr_carea' id='block_1_3' title="bbox 148 1073 1677 1501">
    <p class='ocr_par' dir='ltr' id='par_1_3' title="bbox 148 1073 1677 1501">
     <span class='ocr_line' id='line_1_13' title="bbox 252 1073 1659 1123; baseline 0.001 -12"><span class='ocrx_word' id='word_1_95' title='bbox 252 1075 388 1123; x_wconf 89' lang='lat' dir='ltr'>Itaque</span> <span class='ocrx_word' id='word_1_96' title='bbox 415 1074 488 1110; x_wconf 90' lang='lat' dir='ltr'>hac</span> <span class='ocrx_word' id='word_1_97' title='bbox 516 1074 673 1121; x_wconf 91' lang='lat' dir='ltr'>quidem</span> <span class='ocrx_word' id='word_1_98' title='bbox 694 1074 885 1110; x_wconf 90' lang='lat' dir='ltr'>Zielinskii</span> <span class='ocrx_word' id='word_1_99' title='bbox 914 1085 1029 1110; x_wconf 87' lang='lat' dir='ltr'>causa</span> <span class='ocrx_word' id='word_1_100' title='bbox 1056 1073 1193 1109; x_wconf 87' lang='lat' dir='ltr'>adduci</span> <span class='ocrx_word' id='word_1_101' title='bbox 1221 1073 1422 1121; x_wconf 89' lang='lat' dir='ltr'>nequimus</span> <span class='ocrx_word' id='word_1_102' title='bbox 1445 1080 1488 1111; x_wconf 93' lang='lat' dir='ltr'>ut</span> <span class='ocrx_word' id='word_1_103' title='bbox 1505 1074 1659 1112; x_wconf 88' lang='lat' dir='ltr'>affinem</span> 
     </span>
     <span class='ocr_line' id='line_1_14' title="bbox 151 1135 1660 1184; baseline 0.001 -11"><span class='ocrx_word' id='word_1_104' title='bbox 151 1137 430 1173; x_wconf 88' lang='lat' dir='ltr'>sacrificantem</span> <span class='ocrx_word' id='word_1_105' title='bbox 456 1149 477 1172; x_wconf 90' lang='lat' dir='ltr'>e</span> <span class='ocrx_word' id='word_1_106' title='bbox 506 1137 713 1184; x_wconf 88' lang='lat' dir='ltr'>superstite</span> <span class='ocrx_word' id='word_1_107' title='bbox 747 1135 876 1172; x_wconf 90' lang='lat' dir='ltr'>fabula</span> <span class='ocrx_word' id='word_1_108' title='bbox 912 1136 1118 1183; x_wconf 87' lang='lat' dir='ltr'>expulsum</span> <span class='ocrx_word' id='word_1_109' title='bbox 1154 1136 1378 1172; x_wconf 85' lang='lat' dir='ltr'>comoediae</span> <span class='ocrx_word' id='word_1_110' title='bbox 1402 1138 1574 1184; x_wconf 90' lang='lat' dir='ltr'>perditae</span> <span class='ocrx_word' id='word_1_111' title='bbox 1602 1139 1660 1175; x_wconf 91' lang='lat' dir='ltr'>tri-</span> 
     </span>
     <span class='ocr_line' id='line_1_15' title="bbox 152 1198 1661 1246; baseline 0.001 -10"><span class='ocrx_word' id='word_1_112' title='bbox 152 1200 328 1237; x_wconf 88' lang='lat' dir='ltr'>buamus.</span> <span class='ocrx_word' id='word_1_113' title='bbox 374 1198 553 1236; x_wconf 90' lang='lat' dir='ltr'>Alteram</span> <span class='ocrx_word' id='word_1_114' title='bbox 576 1211 669 1236; x_wconf 93' lang='lat' dir='ltr'>vero</span> <span class='ocrx_word' id='word_1_115' title='bbox 689 1198 965 1243; x_wconf 88' lang='lat' dir='ltr'>difficultatem,</span> <span class='ocrx_word' id='word_1_116' title='bbox 995 1210 1111 1246; x_wconf 90' lang='lat' dir='ltr'>quam</span> <span class='ocrx_word' id='word_1_117' title='bbox 1130 1198 1167 1235; x_wconf 95' lang='lat' dir='ltr'>in</span> <span class='ocrx_word' id='word_1_118' title='bbox 1185 1211 1220 1234; x_wconf 93' lang='lat' dir='ltr'>v.</span> <span class='ocrx_word' id='word_1_119' title='bbox 1241 1208 1316 1246; x_wconf 88' lang='lat'>294</span> <span class='ocrx_word' id='word_1_120' title='bbox 1333 1199 1505 1236; x_wconf 89' lang='lat' dir='ltr'>eiusdem</span> <span class='ocrx_word' id='word_1_121' title='bbox 1523 1213 1661 1238; x_wconf 87' lang='lat' dir='ltr'>scenae</span> 
     </span>
     <span class='ocr_line' id='line_1_16' title="bbox 152 1249 1659 1316; baseline 0.001 -17"><span class='ocrx_word' id='word_1_122' title='bbox 152 1263 276 1299; x_wconf 90' lang='lat' dir='ltr'>inesse</span> <span class='ocrx_word' id='word_1_123' title='bbox 304 1261 485 1299; x_wconf 89' lang='lat' dir='ltr'>Zielinski</span> <span class='ocrx_word' id='word_1_124' title='bbox 521 1261 744 1306; x_wconf 88' lang='lat' dir='ltr'>arbitratur,</span> <span class='ocrx_word' id='word_1_125' title='bbox 785 1261 1010 1298; x_wconf 89' lang='lat' dir='ltr'>iamdudum</span> <span class='ocrx_word' id='word_1_126' title='bbox 1042 1249 1312 1316; x_wconf 81' lang='lat' dir='ltr'>expedivimus</span> <span class='ocrx_word' id='word_1_127' title='bbox 1339 1262 1659 1309; x_wconf 89' lang='lat' dir='ltr'>demonstrantes,</span> 
     </span>
     <span class='ocr_line' id='line_1_17' title="bbox 150 1325 1677 1375; baseline 0.001 -12"><span class='ocrx_word' id='word_1_128' title='bbox 150 1325 355 1363; x_wconf 88' lang='lat' dir='ltr'>Thrattam</span> <span class='ocrx_word' id='word_1_129' title='bbox 400 1332 442 1363; x_wconf 91' lang='lat' dir='ltr'>ut</span> <span class='ocrx_word' id='word_1_130' title='bbox 486 1325 617 1362; x_wconf 90' lang='lat' dir='ltr'>fictam</span> <span class='ocrx_word' id='word_1_131' title='bbox 664 1338 870 1374; x_wconf 87' lang='lat' dir='ltr'>personam</span> <span class='ocrx_word' id='word_1_132' title='bbox 912 1325 1070 1362; x_wconf 93' lang='lat' dir='ltr'>omnino</span> <span class='ocrx_word' id='word_1_133' title='bbox 1116 1325 1153 1361; x_wconf 91' lang='lat' dir='ltr'>in</span> <span class='ocrx_word' id='word_1_134' title='bbox 1189 1337 1304 1361; x_wconf 91' lang='lat' dir='ltr'>scena</span> <span class='ocrx_word' id='word_1_135' title='bbox 1345 1337 1421 1362; x_wconf 92' lang='lat' dir='ltr'>non</span> <span class='ocrx_word' id='word_1_136' title='bbox 1460 1338 1677 1375; x_wconf 26' lang='lat' dir='ltr'>apparere..</span> 
     </span>
     <span class='ocr_line' id='line_1_18' title="bbox 148 1388 1661 1437; baseline 0.001 -11"><span class='ocrx_word' id='word_1_137' title='bbox 148 1389 348 1426; x_wconf 91' lang='lat' dir='ltr'>Immerito</span> <span class='ocrx_word' id='word_1_138' title='bbox 390 1389 504 1437; x_wconf 88' lang='lat' dir='ltr'>igitur</span> <span class='ocrx_word' id='word_1_139' title='bbox 542 1388 648 1425; x_wconf 91' lang='lat' dir='ltr'>illam</span> <span class='ocrx_word' id='word_1_140' title='bbox 685 1388 1174 1436; x_wconf 90' lang='lat' dir='ltr'>Thesmophoriazusarum</span> <span class='ocrx_word' id='word_1_141' title='bbox 1210 1393 1360 1436; x_wconf 90' lang='lat' dir='ltr'>partem</span> <span class='ocrx_word' id='word_1_142' title='bbox 1396 1402 1419 1425; x_wconf 92' lang='lat' dir='ltr'>a</span> <span class='ocrx_word' id='word_1_143' title='bbox 1457 1390 1661 1434; x_wconf 85' lang='lat' dir='ltr'>Zielinskio</span> 
     </span>
     <span class='ocr_line' id='line_1_19' title="bbox 149 1451 813 1501; baseline -0.002 -12"><span class='ocrx_word' id='word_1_144' title='bbox 149 1453 186 1489; x_wconf 91' lang='lat' dir='ltr'>in</span> <span class='ocrx_word' id='word_1_145' title='bbox 214 1453 472 1501; x_wconf 89' lang='lat' dir='ltr'>suspicionem</span> <span class='ocrx_word' id='word_1_146' title='bbox 497 1452 627 1488; x_wconf 89' lang='lat' dir='ltr'>vocari</span> <span class='ocrx_word' id='word_1_147' title='bbox 653 1452 760 1488; x_wconf 90' lang='lat' dir='ltr'>vides</span> <span class='ocrx_word' id='word_1_148' title='bbox 772 1451 813 1499; x_wconf 90' lang='lat'>¹).</span> 
     </span>
    </p>
   </div>
   <div class='ocr_carea' id='block_1_4' title="bbox 145 1524 1662 1890">
    <p class='ocr_par' dir='ltr' id='par_1_4' title="bbox 145 1524 1662 1890">
     <span class='ocr_line' id='line_1_20' title="bbox 249 1524 1662 1573; baseline 0.001 -12"><span class='ocrx_word' id='word_1_149' title='bbox 249 1524 327 1561; x_wconf 87' lang='lat' dir='ltr'>Sed</span> <span class='ocrx_word' id='word_1_150' title='bbox 354 1536 496 1561; x_wconf 92' lang='lat' dir='ltr'>novam</span> <span class='ocrx_word' id='word_1_151' title='bbox 508 1524 538 1571; x_wconf 81' lang='lat'>²)</span> <span class='ocrx_word' id='word_1_152' title='bbox 566 1524 820 1561; x_wconf 85' lang='lat' dir='ltr'>offensionem</span> <span class='ocrx_word' id='word_1_153' title='bbox 848 1524 968 1561; x_wconf 89' lang='lat' dir='ltr'>habet</span> <span class='ocrx_word' id='word_1_154' title='bbox 995 1536 1094 1571; x_wconf 92' lang='lat' dir='ltr'>quae</span> <span class='ocrx_word' id='word_1_155' title='bbox 1122 1524 1308 1561; x_wconf 88' lang='lat' dir='ltr'>Thrattae</span> <span class='ocrx_word' id='word_1_156' title='bbox 1335 1538 1489 1562; x_wconf 89' lang='lat' dir='ltr'>scenam</span> <span class='ocrx_word' id='word_1_157' title='bbox 1518 1526 1662 1573; x_wconf 87' lang='lat' dir='ltr'>excipit</span> 
     </span>
     <span class='ocr_line' id='line_1_21' title="bbox 146 1584 1661 1637; baseline 0.001 -12"><span class='ocrx_word' id='word_1_158' title='bbox 146 1589 317 1637; x_wconf 89' lang='lat' dir='ltr'>parodus</span> <span class='ocrx_word' id='word_1_159' title='bbox 355 1587 473 1626; x_wconf 90' lang='lat' dir='ltr'>chori.</span> <span class='ocrx_word' id='word_1_160' title='bbox 538 1586 650 1636; x_wconf 81' lang='lat' dir='ltr'>Quae</span> <span class='ocrx_word' id='word_1_161' title='bbox 691 1600 781 1625; x_wconf 91' lang='lat' dir='ltr'>cum</span> <span class='ocrx_word' id='word_1_162' title='bbox 819 1587 857 1624; x_wconf 89' lang='lat' dir='ltr'>in</span> <span class='ocrx_word' id='word_1_163' title='bbox 893 1584 1077 1635; x_wconf 78' lang='lat' dir='ltr'>quattuor</span> <span class='ocrx_word' id='word_1_164' title='bbox 1114 1593 1244 1636; x_wconf 89' lang='lat' dir='ltr'>partes</span> <span class='ocrx_word' id='word_1_165' title='bbox 1278 1588 1327 1625; x_wconf 93' lang='lat' dir='ltr'>sit</span> <span class='ocrx_word' id='word_1_166' title='bbox 1361 1588 1481 1625; x_wconf 92' lang='lat' dir='ltr'>divisa</span> <span class='ocrx_word' id='word_1_167' title='bbox 1518 1611 1566 1615; x_wconf 90' lang='lat'>—</span> <span class='ocrx_word' id='word_1_168' title='bbox 1603 1588 1661 1626; x_wconf 90' lang='lat' dir='ltr'>bis</span> 
     </span>
     <span class='ocr_line' id='line_1_22' title="bbox 146 1651 1661 1700; baseline 0.002 -13"><span class='ocrx_word' id='word_1_169' title='bbox 146 1663 289 1699; x_wconf 91' lang='lat' dir='ltr'>praeco</span> <span class='ocrx_word' id='word_1_170' title='bbox 328 1651 448 1688; x_wconf 84' lang='lat' dir='ltr'>verba</span> <span class='ocrx_word' id='word_1_171' title='bbox 483 1651 574 1688; x_wconf 89' lang='lat' dir='ltr'>facit</span> <span class='ocrx_word' id='word_1_172' title='bbox 610 1660 832 1698; x_wconf 86' lang='lat'>295-311,</span> <span class='ocrx_word' id='word_1_173' title='bbox 865 1655 989 1697; x_wconf 83' lang='lat'>332—-</span> <span class='ocrx_word' id='word_1_174' title='bbox 997 1660 1087 1697; x_wconf 83' lang='lat'>351,</span> <span class='ocrx_word' id='word_1_175' title='bbox 1131 1651 1189 1688; x_wconf 93' lang='lat' dir='ltr'>bis</span> <span class='ocrx_word' id='word_1_176' title='bbox 1222 1651 1362 1688; x_wconf 90' lang='lat' dir='ltr'>chorus</span> <span class='ocrx_word' id='word_1_177' title='bbox 1389 1652 1423 1688; x_wconf 93' lang='lat' dir='ltr'>ei</span> <span class='ocrx_word' id='word_1_178' title='bbox 1451 1653 1661 1700; x_wconf 90' lang='lat' dir='ltr'>respondet</span> 
     </span>
     <span class='ocr_line' id='line_1_23' title="bbox 147 1712 1657 1762; baseline 0.001 -11"><span class='ocrx_word' id='word_1_179' title='bbox 147 1724 363 1762; x_wconf 86' lang='lat'>312—-331,</span> <span class='ocrx_word' id='word_1_180' title='bbox 394 1724 413 1761; x_wconf 86' lang='lat'>3</span> <span class='ocrx_word' id='word_1_181' title='bbox 420 1721 591 1762; x_wconf 85' lang='lat'>52—371</span> <span class='ocrx_word' id='word_1_182' title='bbox 624 1736 675 1741; x_wconf 97' lang='lat'><strong>—</strong></span> <span class='ocrx_word' id='word_1_183' title='bbox 701 1714 879 1750; x_wconf 91' lang='lat' dir='ltr'>Zielinski</span> <span class='ocrx_word' id='word_1_184' title='bbox 907 1712 1208 1761; x_wconf 88' lang='lat' dir='ltr'>dittographiam</span> <span class='ocrx_word' id='word_1_185' title='bbox 1232 1715 1463 1751; x_wconf 89' lang='lat' dir='ltr'>constituere</span> <span class='ocrx_word' id='word_1_186' title='bbox 1486 1721 1657 1759; x_wconf 86' lang='lat' dir='ltr'>conatur,</span> 
     </span>
     <span class='ocr_line' id='line_1_24' title="bbox 147 1775 1659 1827; baseline -0.001 -11"><span class='ocrx_word' id='word_1_187' title='bbox 147 1785 188 1816; x_wconf 91' lang='lat' dir='ltr'>ut</span> <span class='ocrx_word' id='word_1_188' title='bbox 215 1779 375 1816; x_wconf 89' lang='lat' dir='ltr'>alteram</span> <span class='ocrx_word' id='word_1_189' title='bbox 401 1777 593 1826; x_wconf 90' lang='lat' dir='ltr'>parodum</span> <span class='ocrx_word' id='word_1_190' title='bbox 617 1775 895 1825; x_wconf 66' lang='lat' dir='ltr'>»Calligeniaffl</span> <span class='ocrx_word' id='word_1_191' title='bbox 927 1789 1019 1814; x_wconf 90' lang='lat' dir='ltr'>suae</span> <span class='ocrx_word' id='word_1_192' title='bbox 1038 1776 1211 1824; x_wconf 90' lang='lat' dir='ltr'>(Thesm.</span> <span class='ocrx_word' id='word_1_193' title='bbox 1226 1778 1265 1826; x_wconf 84' lang='grc' dir='ltr'>β)</span> <span class='ocrx_word' id='word_1_194' title='bbox 1294 1777 1386 1815; x_wconf 91' lang='lat' dir='ltr'>darc</span> <span class='ocrx_word' id='word_1_195' title='bbox 1405 1778 1540 1827; x_wconf 86' lang='lat' dir='ltr'>possit.</span> <span class='ocrx_word' id='word_1_196' title='bbox 1580 1778 1659 1815; x_wconf 91' lang='lat' dir='ltr'>Res</span> 
     </span>
     <span class='ocr_line' id='line_1_25' title="bbox 145 1840 1659 1890; baseline 0.001 -12"><span class='ocrx_word' id='word_1_197' title='bbox 145 1854 283 1890; x_wconf 91' lang='lat' dir='ltr'>parum</span> <span class='ocrx_word' id='word_1_198' title='bbox 325 1854 347 1879; x_wconf 94' lang='lat' dir='ltr'>e</span> <span class='ocrx_word' id='word_1_199' title='bbox 386 1840 577 1878; x_wconf 86' lang='lat' dir='ltr'>sententia</span> <span class='ocrx_word' id='word_1_200' title='bbox 616 1841 784 1877; x_wconf 91' lang='lat' dir='ltr'>hominis</span> <span class='ocrx_word' id='word_1_201' title='bbox 823 1841 928 1877; x_wconf 93' lang='lat' dir='ltr'>docti</span> <span class='ocrx_word' id='word_1_202' title='bbox 969 1840 1156 1884; x_wconf 91' lang='lat' dir='ltr'>succedit,</span> <span class='ocrx_word' id='word_1_203' title='bbox 1203 1840 1240 1877; x_wconf 90' lang='lat' dir='ltr'>id</span> <span class='ocrx_word' id='word_1_204' title='bbox 1282 1842 1388 1889; x_wconf 93' lang='lat' dir='ltr'>quod</span> <span class='ocrx_word' id='word_1_205' title='bbox 1427 1842 1509 1889; x_wconf 90' lang='lat' dir='ltr'>ipse</span> <span class='ocrx_word' id='word_1_206' title='bbox 1551 1841 1659 1879; x_wconf 88' lang='lat' dir='ltr'>fateri</span> 
     </span>
    </p>
   </div>
   <div class='ocr_carea' id='block_1_5' title="bbox 132 2000 1660 2626">
    <p class='ocr_par' dir='ltr' id='par_1_5' title="bbox 132 2000 1660 2626">
     <span class='ocr_line' id='line_1_26' title="bbox 250 2000 1660 2043; baseline 0.001 -9"><span class='ocrx_word' id='word_1_207' title='bbox 250 2005 275 2043; x_wconf 94' lang='lat'>¹)</span> <span class='ocrx_word' id='word_1_208' title='bbox 297 2006 409 2034; x_wconf 89' lang='lat' dir='ltr'>Mirum</span> <span class='ocrx_word' id='word_1_209' title='bbox 430 2000 470 2034; x_wconf 73' lang='lat' dir='ltr'>in⁷</span> <span class='ocrx_word' id='word_1_210' title='bbox 484 2004 609 2033; x_wconf 92' lang='lat' dir='ltr'>modum</span> <span class='ocrx_word' id='word_1_211' title='bbox 624 2004 778 2038; x_wconf 89' lang='lat' dir='ltr'>Zielinski,</span> <span class='ocrx_word' id='word_1_212' title='bbox 805 2008 837 2032; x_wconf 93' lang='lat' dir='ltr'>ut</span> <span class='ocrx_word' id='word_1_213' title='bbox 858 2003 1034 2042; x_wconf 91' lang='lat' dir='ltr'>opinionem</span> <span class='ocrx_word' id='word_1_214' title='bbox 1059 2013 1142 2032; x_wconf 88' lang='lat' dir='ltr'>suam</span> <span class='ocrx_word' id='word_1_215' title='bbox 1165 2004 1354 2041; x_wconf 87' lang='lat' dir='ltr'>comprobet,</span> <span class='ocrx_word' id='word_1_216' title='bbox 1380 2004 1490 2034; x_wconf 87' lang='lat' dir='ltr'>Hilleri</span> <span class='ocrx_word' id='word_1_217' title='bbox 1511 2006 1660 2035; x_wconf 84' lang='lat' dir='ltr'>sententia</span> 
     </span>
     <span class='ocr_line' id='line_1_27' title="bbox 147 2056 1660 2097; baseline 0.001 -10"><span class='ocrx_word' id='word_1_218' title='bbox 147 2059 230 2097; x_wconf 90' lang='lat' dir='ltr'>(vide</span> <span class='ocrx_word' id='word_1_219' title='bbox 252 2068 341 2097; x_wconf 85' lang='lat' dir='ltr'>supra</span> <span class='ocrx_word' id='word_1_220' title='bbox 363 2068 393 2097; x_wconf 90' lang='lat' dir='ltr'>p.</span> <span class='ocrx_word' id='word_1_221' title='bbox 412 2066 453 2095; x_wconf 91' lang='lat'>34</span> <span class='ocrx_word' id='word_1_222' title='bbox 469 2058 539 2086; x_wconf 84' lang='lat' dir='ltr'>adn.</span> <span class='ocrx_word' id='word_1_223' title='bbox 559 2056 588 2095; x_wconf 92' lang='lat'>1)</span> <span class='ocrx_word' id='word_1_224' title='bbox 612 2056 754 2086; x_wconf 87' lang='lat' dir='ltr'>abutitur.</span> <span class='ocrx_word' id='word_1_225' title='bbox 790 2057 890 2095; x_wconf 77' lang='lat' dir='ltr'>Negat</span> <span class='ocrx_word' id='word_1_226' title='bbox 907 2056 987 2085; x_wconf 89' lang='lat' dir='ltr'>enim</span> <span class='ocrx_word' id='word_1_227' title='bbox 1004 2066 1021 2084; x_wconf 89' lang='lat' dir='ltr'>a</span> <span class='ocrx_word' id='word_1_228' title='bbox 1038 2058 1239 2093; x_wconf 88' lang='lat' dir='ltr'>grammaticis</span> <span class='ocrx_word' id='word_1_229' title='bbox 1254 2067 1365 2087; x_wconf 88' lang='lat' dir='ltr'>nomen</span> <span class='ocrx_word' id='word_1_230' title='bbox 1381 2058 1561 2088; x_wconf 88' lang='lat' dir='ltr'>Mnesilochi</span> <span class='ocrx_word' id='word_1_231' title='bbox 1575 2059 1660 2088; x_wconf 82' lang='lat' dir='ltr'>affini</span> 
     </span>
     <span class='ocr_line' id='line_1_28' title="bbox 145 2109 1659 2149; baseline 0 -8"><span class='ocrx_word' id='word_1_232' title='bbox 145 2112 283 2141; x_wconf 84' lang='lat' dir='ltr'>additum</span> <span class='ocrx_word' id='word_1_233' title='bbox 311 2121 385 2141; x_wconf 89' lang='lat' dir='ltr'>esse.</span> <span class='ocrx_word' id='word_1_234' title='bbox 427 2112 463 2140; x_wconf 90' lang='lat' dir='ltr'>In</span> <span class='ocrx_word' id='word_1_235' title='bbox 492 2111 593 2149; x_wconf 87' lang='lat' dir='ltr'>priore</span> <span class='ocrx_word' id='word_1_236' title='bbox 623 2110 745 2139; x_wconf 86' lang='lat' dir='ltr'>fabulae</span> <span class='ocrx_word' id='word_1_237' title='bbox 773 2110 948 2139; x_wconf 90' lang='lat' dir='ltr'>recensione</span> <span class='ocrx_word' id='word_1_238' title='bbox 976 2119 1079 2138; x_wconf 87' lang='lat' dir='ltr'>revera</span> <span class='ocrx_word' id='word_1_239' title='bbox 1101 2109 1255 2148; x_wconf 88' lang='lat' dir='ltr'>Euripidis</span> <span class='ocrx_word' id='word_1_240' title='bbox 1277 2120 1413 2140; x_wconf 90' lang='lat' dir='ltr'>socerum</span> <span class='ocrx_word' id='word_1_241' title='bbox 1436 2112 1659 2141; x_wconf 86' lang='lat' dir='ltr'>Mnesilochum</span> 
     </span>
     <span class='ocr_line' id='line_1_29' title="bbox 145 2163 1660 2202; baseline 0.001 -9"><span class='ocrx_word' id='word_1_242' title='bbox 145 2174 265 2194; x_wconf 89' lang='lat' dir='ltr'>causam</span> <span class='ocrx_word' id='word_1_243' title='bbox 289 2165 443 2202; x_wconf 86' lang='lat' dir='ltr'>Euripidis</span> <span class='ocrx_word' id='word_1_244' title='bbox 471 2164 548 2192; x_wconf 89' lang='lat' dir='ltr'>inter</span> <span class='ocrx_word' id='word_1_245' title='bbox 577 2164 716 2192; x_wconf 88' lang='lat' dir='ltr'>mulieres</span> <span class='ocrx_word' id='word_1_246' title='bbox 738 2163 926 2196; x_wconf 79' lang='lat' dir='ltr'>defendisse.</span> <span class='ocrx_word' id='word_1_247' title='bbox 959 2163 990 2191; x_wconf 90' lang='lat' dir='ltr'>in</span> <span class='ocrx_word' id='word_1_248' title='bbox 1015 2163 1118 2192; x_wconf 87' lang='lat' dir='ltr'>fabula</span> <span class='ocrx_word' id='word_1_249' title='bbox 1144 2168 1303 2192; x_wconf 87' lang='lat' dir='ltr'>retractata</span> <span class='ocrx_word' id='word_1_250' title='bbox 1326 2164 1464 2201; x_wconf 89' lang='lat' dir='ltr'>(Thesm.</span> <span class='ocrx_word' id='word_1_251' title='bbox 1487 2165 1522 2202; x_wconf 87' lang='grc' dir='ltr'>α)</span> <span class='ocrx_word' id='word_1_252' title='bbox 1545 2166 1660 2194; x_wconf 81' lang='lat' dir='ltr'>Aristo-</span> 
     </span>
     <span class='ocr_line' id='line_1_30' title="bbox 145 2209 1660 2257; baseline 0 -11"><span class='ocrx_word' id='word_1_253' title='bbox 145 2209 278 2257; x_wconf 83' lang='lat' dir='ltr'>phanem</span> <span class='ocrx_word' id='word_1_254' title='bbox 305 2217 471 2256; x_wconf 88' lang='lat' dir='ltr'>quemlibet</span> <span class='ocrx_word' id='word_1_255' title='bbox 501 2216 657 2255; x_wconf 86' lang='lat' dir='ltr'>Euripidis</span> <span class='ocrx_word' id='word_1_256' title='bbox 686 2215 808 2244; x_wconf 89' lang='lat' dir='ltr'>affinem</span> <span class='ocrx_word' id='word_1_257' title='bbox 836 2216 867 2244; x_wconf 90' lang='lat' dir='ltr'>in</span> <span class='ocrx_word' id='word_1_258' title='bbox 896 2215 1076 2244; x_wconf 90' lang='lat' dir='ltr'>Mnesilochi</span> <span class='ocrx_word' id='word_1_259' title='bbox 1104 2216 1205 2245; x_wconf 92' lang='lat' dir='ltr'>locum</span> <span class='ocrx_word' id='word_1_260' title='bbox 1235 2216 1440 2253; x_wconf 81' lang='lat' dir='ltr'>substituisse,</span> <span class='ocrx_word' id='word_1_261' title='bbox 1476 2217 1548 2255; x_wconf 90' lang='lat' dir='ltr'>quia</span> <span class='ocrx_word' id='word_1_262' title='bbox 1576 2227 1660 2246; x_wconf 89' lang='lat' dir='ltr'>socer</span> 
     </span>
     <span class='ocr_line' id='line_1_31' title="bbox 147 2269 1658 2309; baseline -0.001 -9"><span class='ocrx_word' id='word_1_263' title='bbox 147 2272 253 2309; x_wconf 86' lang='lat' dir='ltr'>tragici</span> <span class='ocrx_word' id='word_1_264' title='bbox 275 2272 389 2300; x_wconf 88' lang='lat' dir='ltr'>interea</span> <span class='ocrx_word' id='word_1_265' title='bbox 410 2271 533 2300; x_wconf 85' lang='lat' dir='ltr'>obisset.</span> <span class='ocrx_word' id='word_1_266' title='bbox 577 2271 732 2298; x_wconf 77' lang='lat' dir='ltr'>Re1·ractat</span> <span class='ocrx_word' id='word_1_267' title='bbox 753 2269 783 2298; x_wconf 95' lang='lat' dir='ltr'>h.</span> <span class='ocrx_word' id='word_1_268' title='bbox 807 2269 837 2299; x_wconf 93' lang='lat' dir='ltr'>d.</span> <span class='ocrx_word' id='word_1_269' title='bbox 859 2270 995 2308; x_wconf 84' lang='lat' dir='ltr'>ineptam</span> <span class='ocrx_word' id='word_1_270' title='bbox 1019 2269 1057 2298; x_wconf 89' lang='lat' dir='ltr'>de</span> <span class='ocrx_word' id='word_1_271' title='bbox 1081 2269 1221 2306; x_wconf 85' lang='lat' dir='ltr'>Choerila</span> <span class='ocrx_word' id='word_1_272' title='bbox 1243 2269 1397 2308; x_wconf 89' lang='lat' dir='ltr'>Euripidis</span> <span class='ocrx_word' id='word_1_273' title='bbox 1418 2279 1521 2307; x_wconf 89' lang='lat' dir='ltr'>uxore,</span> <span class='ocrx_word' id='word_1_274' title='bbox 1547 2271 1658 2300; x_wconf 84' lang='lat' dir='ltr'>Mnesi-</span> 
     </span>
     <span class='ocr_line' id='line_1_32' title="bbox 146 2321 1659 2363; baseline 0 -11"><span class='ocrx_word' id='word_1_275' title='bbox 146 2324 227 2353; x_wconf 85' lang='lat' dir='ltr'>lochi</span> <span class='ocrx_word' id='word_1_276' title='bbox 252 2324 315 2354; x_wconf 87' lang='lat' dir='ltr'>filia</span> <span class='ocrx_word' id='word_1_277' title='bbox 338 2323 557 2363; x_wconf 89' lang='lat' dir='ltr'>quaestionem,</span> <span class='ocrx_word' id='word_1_278' title='bbox 588 2323 689 2351; x_wconf 90' lang='lat' dir='ltr'>denuo</span> <span class='ocrx_word' id='word_1_279' title='bbox 712 2323 876 2361; x_wconf 87' lang='lat' dir='ltr'>Hartungii</span> <span class='ocrx_word' id='word_1_280' title='bbox 899 2321 985 2361; x_wconf 90' lang='lat' dir='ltr'>(Eur.</span> <span class='ocrx_word' id='word_1_281' title='bbox 1008 2327 1077 2351; x_wconf 90' lang='lat' dir='ltr'>rest.</span> <span class='ocrx_word' id='word_1_282' title='bbox 1101 2323 1115 2351; x_wconf 93' lang='grc' dir='ltr'>Ι</span> <span class='ocrx_word' id='word_1_283' title='bbox 1137 2333 1167 2361; x_wconf 90' lang='lat' dir='ltr'>p.</span> <span class='ocrx_word' id='word_1_284' title='bbox 1193 2322 1267 2361; x_wconf 88' lang='lat'><strong>282)</strong></span> <span class='ocrx_word' id='word_1_285' title='bbox 1290 2332 1458 2361; x_wconf 88' lang='lat' dir='ltr'>perversam</span> <span class='ocrx_word' id='word_1_286' title='bbox 1480 2323 1659 2352; x_wconf 86' lang='lat' dir='ltr'>collaudans</span> 
     </span>
     <span class='ocr_line' id='line_1_33' title="bbox 145 2376 1658 2418; baseline -0.001 -11"><span class='ocrx_word' id='word_1_287' title='bbox 145 2379 366 2413; x_wconf 87' lang='lat' dir='ltr'>coniecturam,</span> <span class='ocrx_word' id='word_1_288' title='bbox 401 2388 461 2416; x_wconf 93' lang='lat' dir='ltr'>qua</span> <span class='ocrx_word' id='word_1_289' title='bbox 492 2378 546 2407; x_wconf 90' lang='lat' dir='ltr'>ille</span> <span class='ocrx_word' id='word_1_290' title='bbox 578 2376 761 2406; x_wconf 82' lang='lat' dir='ltr'>vocabulum</span> <span class='ocrx_word' id='word_1_291' title='bbox 792 2378 911 2418; x_wconf 81' lang='grc' dir='ltr'><strong><em>χοῖρον</em></strong></span> <span class='ocrx_word' id='word_1_292' title='bbox 945 2386 972 2407; x_wconf 82' lang='grc' dir='ltr'>ν.</span> <span class='ocrx_word' id='word_1_293' title='bbox 1003 2376 1063 2413; x_wconf 88' lang='lat'>289</span> <span class='ocrx_word' id='word_1_294' title='bbox 1097 2377 1136 2405; x_wconf 90' lang='lat' dir='ltr'>ad</span> <span class='ocrx_word' id='word_1_295' title='bbox 1170 2376 1341 2407; x_wconf 85' lang='lat' dir='ltr'>Choerilam</span> <span class='ocrx_word' id='word_1_296' title='bbox 1368 2376 1502 2406; x_wconf 88' lang='lat' dir='ltr'>alludere</span> <span class='ocrx_word' id='word_1_297' title='bbox 1531 2377 1658 2416; x_wconf 81' lang='lat' dir='ltr'>putavit.</span> 
     </span>
     <span class='ocr_line' id='line_1_34' title="bbox 145 2430 1657 2468; baseline 0.001 -9"><span class='ocrx_word' id='word_1_298' title='bbox 145 2431 325 2459; x_wconf 88' lang='lat' dir='ltr'>Rectissime</span> <span class='ocrx_word' id='word_1_299' title='bbox 348 2432 383 2460; x_wconf 90' lang='lat' dir='ltr'>U.</span> <span class='ocrx_word' id='word_1_300' title='bbox 408 2431 446 2459; x_wconf 92' lang='lat' dir='ltr'>de</span> <span class='ocrx_word' id='word_1_301' title='bbox 469 2431 671 2459; x_wconf 84' lang='lat' dir='ltr'>Wilamowitz</span> <span class='ocrx_word' id='word_1_302' title='bbox 693 2430 783 2458; x_wconf 89' lang='lat' dir='ltr'>Anal.</span> <span class='ocrx_word' id='word_1_303' title='bbox 807 2430 913 2467; x_wconf 87' lang='lat' dir='ltr'>Eurip.</span> <span class='ocrx_word' id='word_1_304' title='bbox 934 2440 965 2467; x_wconf 92' lang='lat' dir='ltr'>p.</span> <span class='ocrx_word' id='word_1_305' title='bbox 990 2438 1057 2467; x_wconf 88' lang='lat'>149,</span> <span class='ocrx_word' id='word_1_306' title='bbox 1083 2431 1196 2468; x_wconf 85' lang='lat' dir='ltr'>Eurip.</span> <span class='ocrx_word' id='word_1_307' title='bbox 1220 2430 1368 2459; x_wconf 83' lang='lat' dir='ltr'>Herakles</span> <span class='ocrx_word' id='word_1_308' title='bbox 1390 2431 1413 2459; x_wconf 92' lang='lat' dir='ltr'><em>I</em></span> <span class='ocrx_word' id='word_1_309' title='bbox 1426 2435 1461 2468; x_wconf 86' lang='lat' dir='ltr'>p.</span> <span class='ocrx_word' id='word_1_310' title='bbox 1484 2438 1502 2467; x_wconf 94' lang='lat'><em>7</em></span> <span class='ocrx_word' id='word_1_311' title='bbox 1523 2431 1595 2461; x_wconf 87' lang='lat' dir='ltr'>adn.</span> <span class='ocrx_word' id='word_1_312' title='bbox 1617 2439 1657 2460; x_wconf 74' lang='lat'>12</span> 
     </span>
     <span class='ocr_line' id='line_1_35' title="bbox 132 2482 1658 2521; baseline 0.001 -10"><span class='ocrx_word' id='word_1_313' title='bbox 132 2483 251 2520; x_wconf 59' lang='lat' dir='ltr'>evicit,</span> <span class='ocrx_word' id='word_1_314' title='bbox 285 2483 457 2513; x_wconf 90' lang='lat' dir='ltr'>Choerilam</span> <span class='ocrx_word' id='word_1_315' title='bbox 490 2482 532 2511; x_wconf 91' lang='lat' dir='ltr'>nil</span> <span class='ocrx_word' id='word_1_316' title='bbox 562 2482 618 2511; x_wconf 88' lang='lat' dir='ltr'>nisi</span> <span class='ocrx_word' id='word_1_317' title='bbox 647 2482 822 2511; x_wconf 89' lang='lat' dir='ltr'>comoediae</span> <span class='ocrx_word' id='word_1_318' title='bbox 851 2482 945 2511; x_wconf 87' lang='lat' dir='ltr'>fetum</span> <span class='ocrx_word' id='word_1_319' title='bbox 976 2491 1048 2510; x_wconf 86' lang='lat' dir='ltr'>esse.</span> <span class='ocrx_word' id='word_1_320' title='bbox 1095 2483 1252 2511; x_wconf 88' lang='lat' dir='ltr'>Praeterea</span> <span class='ocrx_word' id='word_1_321' title='bbox 1281 2484 1339 2512; x_wconf 93' lang='lat' dir='ltr'>hoc</span> <span class='ocrx_word' id='word_1_322' title='bbox 1369 2484 1562 2521; x_wconf 85' lang='lat' dir='ltr'>potissimum</span> <span class='ocrx_word' id='word_1_323' title='bbox 1591 2484 1658 2512; x_wconf 90' lang='lat' dir='ltr'>loco</span> 
     </span>
     <span class='ocr_line' id='line_1_36' title="bbox 148 2531 1659 2575; baseline -0.001 -9"><span class='ocrx_word' id='word_1_324' title='bbox 148 2537 211 2566; x_wconf 88' lang='lat' dir='ltr'>filia</span> <span class='ocrx_word' id='word_1_325' title='bbox 233 2536 332 2566; x_wconf 86' lang='lat' dir='ltr'>affinis</span> <span class='ocrx_word' id='word_1_326' title='bbox 355 2546 447 2575; x_wconf 90' lang='lat' dir='ltr'>quam</span> <span class='ocrx_word' id='word_1_327' title='bbox 469 2536 666 2565; x_wconf 83' lang='lat' dir='ltr'>incertissima</span> <span class='ocrx_word' id='word_1_328' title='bbox 684 2535 722 2564; x_wconf 92' lang='lat' dir='ltr'>sit</span> <span class='ocrx_word' id='word_1_329' title='bbox 739 2540 867 2573; x_wconf 87' lang='lat' dir='ltr'>oportet,</span> <span class='ocrx_word' id='word_1_330' title='bbox 889 2544 958 2564; x_wconf 91' lang='lat' dir='ltr'>cum</span> <span class='ocrx_word' id='word_1_331' title='bbox 977 2535 1181 2565; x_wconf 89' lang='lat' dir='ltr'>Mnesilochus</span> <span class='ocrx_word' id='word_1_332' title='bbox 1197 2545 1227 2564; x_wconf 86' lang='lat' dir='ltr'>se</span> <span class='ocrx_word' id='word_1_333' title='bbox 1243 2536 1409 2574; x_wconf 91' lang='lat' dir='ltr'>quamlibet</span> <span class='ocrx_word' id='word_1_334' title='bbox 1424 2531 1489 2565; x_wconf 86' lang='lat' dir='ltr'>esse</span> <span class='ocrx_word' id='word_1_335' title='bbox 1504 2535 1659 2565; x_wconf 86' lang='lat' dir='ltr'>mulierem</span> 
     </span>
     <span class='ocr_line' id='line_1_37' title="bbox 145 2585 405 2626; baseline 0 -9"><span class='ocrx_word' id='word_1_336' title='bbox 145 2585 278 2618; x_wconf 73' lang='lat' dir='ltr'>Atticam</span> <span class='ocrx_word' id='word_1_337' title='bbox 300 2589 405 2626; x_wconf 87' lang='lat' dir='ltr'>fingat.</span> 
     </span>
    </p>
   </div>
   <div class='ocr_carea' id='block_1_6' title="bbox 246 2639 507 2680">
    <p class='ocr_par' dir='ltr' id='par_1_6' title="bbox 246 2639 507 2680">
     <span class='ocr_line' id='line_1_38' title="bbox 246 2639 507 2680; baseline 0.004 -10"><span class='ocrx_word' id='word_1_338' title='bbox 246 2639 273 2680; x_wconf 75' lang='lat'>²)</span> <span class='ocrx_word' id='word_1_339' title='bbox 294 2641 314 2672; x_wconf 95' lang='lat'>1.</span> <span class='ocrx_word' id='word_1_340' title='bbox 335 2641 355 2672; x_wconf 92' lang='lat'>1.</span> <span class='ocrx_word' id='word_1_341' title='bbox 380 2641 420 2678; x_wconf 90' lang='lat'>84</span> <span class='ocrx_word' id='word_1_342' title='bbox 441 2651 507 2680; x_wconf 90' lang='lat' dir='ltr'>sqq.</span> 
     </span>
    </p>
   </div>
  </div>
 </body>
</html>
