1826 3088
794 214 1045 241 -10-

166 306 282 344 Certe
317 305 451 343 tironis
489 306 589 342 vires
621 305 738 355 longe
765 311 948 355 superant
975 317 1100 354 neque
1128 306 1281 354 gravius
1309 305 1514 353 quicquam
1541 304 1590 341 de
1616 304 1671 341 eis

164 376 313 407 mutare
355 369 481 406 audeo
519 381 620 417 quae
654 368 851 406 Fritzsche
862 369 903 415 ¹),
938 368 1122 406 Welcker
1132 368 1173 416 ²),
1211 368 1442 416 Taeuber8),
1460 402 1463 406 .
1479 367 1616 405 Nauck
1626 368 1669 416 ⁴²),

163 433 313 470 Robert
322 433 374 480 5),
421 431 661 479 Bakhuyzen
671 433 721 480 ⁶),
769 431 971 469 Wecklein
982 434 1012 480 ¹¹)
1066 433 1114 469 de
1167 431 1421 469 Andromeda
1464 430 1671 479 Euripidea

162 501 388 532 statuerunt.

267 558 493 606 Priusquam
533 562 663 594 autem
704 558 753 594 ad
794 558 916 606 ipsam
957 558 1159 606 parodiam
1198 557 1438 594 tractandam
1474 557 1668 601 accedam,

162 621 329 658 breviter
372 622 422 657 de
463 620 622 657 Thesm.
663 633 726 659 vv.
771 629 1017 668 1015-—1055
1065 622 1162 657 inter
1205 626 1356 657 actores
1403 620 1670 668 dispertiendis

161 683 437 731 disputandum
478 687 548 719 est.
613 682 716 719 Nam
757 695 844 719 cum
878 682 941 718 R2
975 689 1014 720 et
1050 683 1085 720 G
1121 695 1181 720 vv.
1211 690 1456 729 1015—1021
1497 682 1670 730 Euripidi

160 746 330 783 tribuant
357 768 404 775 -
433 745 559 794 prima
586 757 722 782 manus
750 746 787 782 in
805 745 840 782 R
859 758 1047 793 personae
1070 752 1202 783 notam
1221 746 1364 782 omittit
1383 768 1443 791 -,
1473 745 1515 783 C.
1531 745 1669 793 Beer⁸)

162 809 268 845 cuius
296 808 526 845 sententiam
554 808 671 844 etiam
700 820 723 844 a
750 807 1013 856 Bakhuyzeno
1025 810 1055 856 ⁹)
1091 809 1335 857 comprobari
1362 809 1495 853 video,
1534 820 1669 845 omnes

160 872 248 908 inde
276 884 298 908 a
331 880 424 918 1015
463 883 597 910 versus
623 882 647 907 a
673 870 1183 909 Mnesilocho-Andromeda
1217 863 1453 920 pronuntiari
1489 877 1669 920 oportere

161 939 264 971 recte
303 934 462 972 censuit.
516 933 655 981 Neque
691 933 796 970 illam
833 946 912 970 rem
948 936 1075 971 denuo
1111 935 1148 971 in
1184 935 1448 982 quaestionem
1476 946 1667 978 vocarem,

162 997 233 1033 nisi
261 996 408 1033 Velsen
435 996 473 1032 in
497 996 667 1032 editione
694 996 890 1043 vulgatam
919 997 1134 1034 retinuisset
1158 997 1475 1034 distributionem.

264 1057 413 1106 Scytha
446 1070 482 1095 v.
517 1067 611 1106 1007
648 1058 685 1094 in
722 1058 880 1094 domum
916 1059 1008 1096 abiit
1044 1065 1085 1096 ut
1120 1065 1289 1097 stoream
1316 1059 1387 1096 sibi
1414 1064 1667 1107 compararet.

161 1121 426 1158 Mnesilochus
454 1122 502 1158 de
531 1122 670 1157 misera
697 1121 914 1158 conditione
939 1122 1058 1158 verba
1085 1122 1211 1159 facere
1238 1123 1368 1171 incipit
1395 1123 1543 1169 (1008),
1581 1134 1669 1158 cum

160 1190 319 1232 repente
347 1178 553 1231 Euripides
581 1183 707 1219 Persei
743 1195 908 1231 persona
945 1190 1124 1232 suscepta
1160 1185 1420 1233 praetervolat
1452 1184 1513 1220 vel
1540 1184 1669 1232 potius

160 1247 432 1295 praetercurrit
471 1247 637 1283 volantis
672 1251 805 1294 gestus
844 1246 1032 1283 ludicrum
1071 1248 1108 1284 in
1152 1248 1311 1284 modum
1351 1248 1503 1284 imitans
1538 1248 1667 1295 (1009)

158 1315 276 1357 atque
313 1310 429 1346 tacite
466 1310 604 1346 iterum
640 1309 823 1346 abscedit.
884 1309 1022 1359 Neque
1059 1311 1156 1347 enirn
1194 1323 1282 1347 eum
1319 1311 1395 1347 iam
1428 1322 1463 1347 v.
1498 1319 1594 1346 1010
1630 1310 1667 1346 in

159 1385 276 1411 scena
312 1374 449 1410 adesse
485 1379 619 1421 aperte
655 1373 863 1410 ostendunt
887 1374 1095 1410 verborum
1122 1380 1300 1423 tempora
1325 1374 1462 1423 quibus
1489 1373 1666 1410 Mnesilo-

158 1436 254 1472 chus
282 1437 419 1472 utitur:
454 1428 697 1485 ὑπεδήλώσε,
736 1432 831 1486 ἥξει,
864 1434 1101 1486 παρέπτετο.
1154 1435 1283 1483 Quare
1310 1443 1438 1473 autem
1464 1436 1666 1484 Euripides

158 1499 317 1536 omnino
354 1498 601 1542 abscesserit,
639 1498 670 1535 si
706 1510 740 1535 v.
775 1507 866 1545 1015
905 1511 1035 1536 rursus
1061 1499 1097 1536 in
1125 1512 1239 1537 scena
1266 1500 1394 1543 adest,
1431 1498 1583 1536 difficile
1608 1503 1667 1536 est

160 1562 369 1598 intellectu.
426 1561 505 1598 Sed
532 1561 693 1599 fortasse
721 1562 861 1598 dixerit
887 1562 1078 1610 quispiam
1105 1574 1194 1598 eum
1220 1575 1281 1600 vv.
1315 1571 1558 1609 1015—1021
1591 1574 1667 1599 non
1731 1587 1734 1590 -

156 1625 194 1661 in
230 1636 346 1661 scena
380 1625 449 1660 sed
484 1631 575 1672 post
600 1635 687 1660 eam
715 1624 881 1660 recitare.
936 1624 1040 1661 Nihil
1064 1625 1178 1672 igitur
1204 1625 1427 1673 relinquitur
1453 1625 1521 1661 nisi
1548 1630 1590 1661 ut
1616 1637 1668 1661 ex

156 1687 249 1735 ipsis
277 1687 349 1723 illis
376 1687 551 1723 versibus
575 1698 808 1733 quaeramus
826 1699 971 1736 causas,
1001 1688 1138 1734 quibus
1156 1694 1287 1724 nostra
1305 1689 1494 1724 sententia
1515 1690 1665 1725 nitatur.

156 1748 376 1786 Scholiasta
404 1754 571 1786 testante
599 1748 719 1786 verba
745 1747 874 1797 κλύεις
899 1748 981 1787 κτλ..
1010 1749 1136 1787 verbis
1163 1750 1394 1798 quibusdam
1412 1751 1449 1788 in
1467 1751 1668 1800 tragoedia

154 1813 204 1850 ab
230 1813 506 1855 Andromeda,
544 1814 650 1849 cuius
687 1819 818 1860 partes
846 1814 881 1850 in
909 1813 1113 1850 comoedia
1140 1814 1420 1859 Mnesilochus,
1458 1827 1533 1851 non
1561 1815 1666 1851 Euri-

153 1876 264 1925 pides
298 1876 398 1923 agit,
440 1875 608 1913 recitatis
635 1876 881 1926 respondent.
937 1875 1016 1913 Sed
1043 1888 1091 1913 ne
1118 1876 1216 1913 hanc
1244 1878 1399 1925 quidem
1426 1890 1507 1915 rem
1536 1878 1666 1926 magni

154 1940 343 1976 momenti
371 1950 456 1975 esse
484 1938 672 1982 concedO,
693 1942 791 1975 *cum
820 1940 856 1975 in
882 1939 1057 1976 Helenae
1085 1940 1245 1988 parodia
1271 1940 1488 1985 viderimus,
1517 1942 1681 1982 Aristo-¹

152 2002 324 2050 phanem
352 2001 506 2049 saepius
533 2001 763 2049 Euripideos
788 2014 920 2039 versus
948 2002 1029 2038 aliis
1056 2007 1173 2049 atque
1201 2003 1238 2038 in
1265 2004 1464 2049 tragoedia
1490 2005 1665 2052 personis

151 2064 320 2103 tribuere
348 2077 426 2102 non
454 2064 641 2102 dubitare.

256 2166 281 2205 1)
301 2168 323 2196 1-
347 2177 373 2197 a·
396 2174 571 2206 494-517-

255 2220 281 2259 Ξ)
304 2222 420 2250 Grieclz.
440 2222 479 2251 ,Τ
474 2230 541 2258 rag.
564 2221 603 2249 Il
621 2219 800 2257 644-668.

254 2273 281 2312 ⁸)
302 2275 322 2303 1.
348 2275 370 2303 1.
396 2281 434 2311 37
458 2284 506 2312 sq.

254 2326 282 2365 4)
303 2328 323 2357 l.
348 2337 377 2356 a.
402 2335 461 2366 392
483 2337 553 2366 sqq.

254 2380 279 2418 ⁵)
299 2382 392 2410 Aah.
417 2381 484 2419 Ztg.
510 2381 605 2417 1878.

254 2432 280 2471 Β)
300 2434 321 2463 1.
342 2434 362 2463 l.
387 2444 419 2472 p.
448 2433 619 2471 126—134.

257 2485 281 2523 ⁷)
301 2487 505 2524 Sitzungsber.
528 2487 623 2525 Bayr.
646 2485 747 2514 Akad.
770 2485 857 2514 1888
878 2487 900 2514 l
917 2486 958 2522 87
980 2495 1043 2523 sqq.

256 2537 282 2575 ⁸)
306 2534 383 2568 Uber
405 2540 452 2567 die
473 2539 555 2567 Zalzl
575 2539 629 2567 der
648 2539 859 2575 Schauspieler
878 2540 922 2567 bei
942 2539 1169 2576 Aristophanes,
1194 2539 1320 2576 Leipzig
1340 2539 1425 2575 1844
1450 2539 1482 2569 S.
1504 2538 1575 2569 166.
1723 2573 1725 2575 ,
1741 2501 1826 2679 ἐς

256 2588 283 2629 ⁹)
303 2591 323 2621 1.
345 2602 371 2621 a.
398 2599 453 2629 127
475 2602 520 2631 sq.
