1826 3088
780 282 1033 320 ‘50-

352 426 499 463 Intrant
678 470 680 474 y
752 438 865 463 versu
921 427 1025 464 aditu
1038 403 1041 489 ί
1279 433 1429 474 exeunt⁸

150 528 299 577 Scytha
709 508 713 548 Ι
749 527 869 575 1015?
905 509 910 547 Ι
960 528 991 566 C

149 589 351 638 Euripides
763 590 858 636 1056
956 592 987 627 B

763 652 859 688 1066
957 652 989 688 B
1078 650 1279 699 Euripides

150 711 354 759 Euripides
762 712 857 759 1098
957 713 991 750 E

220 773 223 775 ’
762 783 799 810 11
812 781 854 820 35
958 774 992 811 E
1075 773 1279 822 Euripides

150 834 354 882 Euripides
380 846 469 871 cum
497 833 663 882 Elaphio
764 835 860 871 1160
939 835 1018 883 D1)
1048 860 1050 862 -

764 905 853 932 1201
959 896 990 934 C
1076 895 1225 944 Scytha
1251 908 1339 933 cum
1362 895 1527 944 Elaphio

763 967 859 1004 1209
956 960 993 996 D
1077 958 1281 1006 Euripides
1307 970 1395 994 cum
1418 957 1658 995 Mnesilocho

151 1017 300 1070 Scytha
327 1030 416 1054 cum
441 1016 608 1066 Elaphio
763 1028 859 1055 1210
958 1019 989 1056 C

764 1090 859 1125 1214
956 1082 994 1118 D
1076 1074 1284 1128 Elaphium

764 1149 856 1187 1225
957 1143 992 1179 E
1078 1141 1225 1189 Scytha

763 1212 859 1248 1230
957 1204 994 1241 D
1079 1202 1239 1240 Chorus.

254 1300 393 1339 Restat
420 1307 462 1339 ut
488 1314 612 1350 pauca
639 1301 702 1339 illa
728 1303 890 1348 addam,
928 1316 1027 1354 quae
1053 1305 1102 1342 de
1130 1303 1276 1351 reliquo
1307 1315 1444 1340 scenae
1470 1291 1658 1352 apparatu

151 1365 403 1413 probabiliter
436 1365 551 1401 statui
587 1372 759 1413 possunt.
813 1366 922 1403 Ante
958 1367 1312 1416 Thesmophorium
1337 1366 1485 1403 Cereris
1511 1367 1658 1404 Proser-

152 1429 342 1477 pinaeque
382 1428 586 1465 simulacra
626 1433 668 1465 ut
706 1430 791 1466 τοῖν
824 1426 1097 1481 θεσμοφόρων
1136 1432 1249 1468 θεοῖν
1288 1435 1497 1478 conspecta
1544 1429 1659 1467 fuisse

151 1491 361 1539 Droyseno
374 1491 402 1539 2)
440 1490 596 1538 quidem
633 1491 949 1528 verisimillimum
984 1494 1134 1530 videtur
1174 1505 1259 1529 esse
1291 1505 1400 1529 »cum
1426 1493 1484 1529 his
1511 1494 1659 1530 duabus

153 1551 415 1591 Mnesilochus
455 1554 527 1591 sub
568 1553 738 1591 mulieris
773 1567 940 1603 persona
974 1567 1083 1592 sacra
1119 1556 1292 1593 offerat«.
1354 1555 1506 1592 Erravit
1540 1556 1659 1593 homo
1711 1564 1713 1568 ’

153 1618 303 1661 doctus,
342 1629 429 1653 cum
462 1629 570 1653 sacra
594 1618 677 1664 ipsa
705 1619 974 1656 commenticia
1001 1631 1086 1655 esse
1110 1632 1225 1667 supra
1252 1619 1468 1655 viderimus.
1523 1619 1660 1667 Neque

154 1681 257 1716 enim
284 1679 375 1717 ταδὶ
403 1674 636 1729 τάγάλματα
662 1696 697 1719 v.
717 1692 790 1731 773
817 1689 860 1721 ut
887 1681 1057 1720 nonnulli
1085 1681 1180 1718 falsa
1208 1681 1521 1729 interpretatione
1543 1682 1660 1730 expli-

153 1749 337 1779 caverunt
374 1743 533 1779 dearum
570 1745 774 1782 simulacra
812 1752 920 1788 sunt,
962 1746 1029 1781 sed
1070 1744 1223 1781 tabulae
1261 1745 1414 1781 votivae
1453 1742 1660 1793 (πίνακες),

153 1818 250 1854 quas
277 1805 492 1842 Palamedis
527 1808 688 1854 parodia
723 1809 904 1856 postulat.
958 1807 1014 1844 At
1048 1820 1153 1844 aram
1190 1813 1280 1844 ante
1307 1807 1660 1856 Thesmophorium

153 1869 322 1917 positam
348 1867 463 1904 fuisse
490 1870 629 1906 votivis
656 1871 727 1908 illis
754 1872 895 1909 tabulis
919 1875 1094 1908 ornatam
1112 1870 1204 1907 satis
1226 1869 1357 1907 multis
1374 1868 1537 1908 efficitur
1554 1870 1659 1908 locis.

153 1932 225 1972 Illa
252 1932 505 1979 Aristophani
541 1945 640 1981 opus
668 1940 726 1971 est
753 1941 794 1972 ut
819 1933 1039 1983 Telephum
1065 1939 1103 1971 et
1131 1934 1339 1982 praecipue
1366 1933 1556 1971 Helenam
1582 1933 1660 1971 illu-

152 1995 239 2038 dat;
282 2006 372 2030 nam
407 1994 516 2030 sicuti
551 1996 741 2043 templum
777 1997 1165 2044 Thesmophororum
1192 1997 1345 2032 aedium
1381 1996 1662 2044 Theoclymeni

152 2058 235 2094 vice
272 2056 458 2105 fungitur,
496 2057 549 2094 ita
583 2070 669 2103 ara,
706 2059 742 2096 in
778 2072 896 2108 quam
924 2058 1048 2107 affinis
1082 2071 1116 2096 v.
1146 2059 1222 2106 689
1247 2057 1405 2107 refugit,
1443 2058 1661 2107 sepulcrum

152 2121 280 2156 Protei
306 2119 507 2167 significat,
536 2121 572 2156 in
600 2133 679 2167 quo
707 2122 857 2158 Helena
875 2122 1082 2168 Euripidea
1107 2122 1275 2169 supplex
1302 2122 1468 2157 assidere
1495 2121 1660 2169 fingitur.

154 2182 305 2218 Tamen
333 2195 439 2218 aram
467 2182 570 2219 illam
598 2196 675 2220 non
703 2189 783 2220 tam
810 2185 860 2220 ad
886 2184 1084 2232 proprium
1113 2183 1338 2220 comoediae
1367 2196 1484 2231 quam
1511 2184 1560 2220 ad
1587 2184 1662 2221 uni-

153 2257 307 2280 versum
344 2245 483 2281 theatri
519 2252 749 2292 apparatum
788 2248 980 2294 pertinere
1007 2236 1236 2284 existimem.
1284 2247 1386 2283 Nam
1415 2259 1503 2283 cum
1531 2259 1582 2283 ex
1609 2248 1663 2284 eis

152 2320 253 2357 quae
291 2308 328 2345 in
363 2308 483 2345 Piraei
519 2308 672 2346 theatro
709 2315 861 2357 reperta
898 2315 986 2346 sunt
1021 2322 1108 2346 cum
1143 2321 1295 2346 summa
1333 2309 1503 2346 veritatis
1535 2310 1662 2359 specie

153 2373 337 2420 colligere
366 2372 488 2416 liceat,
517 2374 554 2409 in
583 2374 709 2410 media
736 2373 935 2411 orchestra
961 2373 1066 2426 omni
1096 2380 1272 2422 tempore
1299 2387 1406 2412 aram
1429 2373 1543 2412 fuisse
1565 2374 1663 2423 posi-

153 2440 255 2478 tam,
293 2435 330 2470 in
366 2446 453 2471 03111
481 2435 761 2471 Mnesilochum
791 2437 1002 2472 secundum
1030 2436 1193 2484 Telephi
1220 2437 1420 2485 exemplar
1445 2437 1663 2485 confugisse

151 2499 367 2534 credemus.
399 2518 444 2524 —

260 2600 285 2638 1)
307 2601 431 2629 Thesm.
459 2608 535 2638 1173
557 2598 654 2630 καθ’
680 2599 779 2631 ὁδὸν
802 2600 954 2643 ἔφραζον.

260 2652 286 2691 2)
306 2653 326 2683 l.
349 2662 375 2683 a.
398 2662 428 2691 p.
454 2659 501 2690 70.
