1826 3088
788 241 1039 279 *23-

124 381 128 385 .
166 339 393 382 argumento
411 339 450 370 et
468 339 680 371 structurae
698 332 896 370 clariorem
915 334 1040 370 lucem
1059 345 1080 369 e
1094 332 1504 381 Thesmophoriazusis
1517 332 1664 370 afferre.

153 396 255 445 'Ipse
283 408 438 444 quoque
475 409 550 444 ego
578 397 692 433 aliam
719 397 821 433 viam
846 397 1041 444 ingressus
1067 397 1116 432 ad
1144 397 1308 433 eundem
1336 397 1412 434 fere
1439 396 1555 433 finem
1584 409 1664 444 per-

166 471 357 503 veneram,
386 472 475 505 nam
495 461 613 497 serius
635 458 726 496 mihi
745 459 914 506 contigit,
942 464 985 495 ut
1003 458 1252 505 Bakhuyzeni
1271 460 1407 497 librum
1427 460 1663 507 inspicerem.

160 522 246 569 Jam
272 522 360 558 nihil
388 522 498 570 aliud·
516 523 608 562 mihi
636 527 756 558 restat
779 521 847 556 nisi
867 527 907 557 ut
926 534 983 561 ea.
1012 533 1110 567 quae
1128 521 1188 558 ille
1209 524 1415 559 rectissime
1435 524 1481 559 de
1502 522 1665 570 Telephi

166 586 324 633 parodia
360 591 398 622 et
433 591 662 634 argumento
698 584 849 627 statuit,
887 583 991 621 brevi
1028 584 1357 632 comprehendens
1385 597 1526 634 pauca,
1565 596 1664 631 quae

134 649 338 684 .omisisse
382 649 530 684 videtur
569 649 749 691 adiciam,
796 648 994 691 nonnulla,
1044 648 1080 683 in
1119 648 1256 694 quibus
1296 650 1433 686 erravit
1474 649 1663 696 corrigere

164 711 341 748 audeam.
371 732 416 736 —
595 742 597 744 .

268 773 328 809 De
369 773 532 821 Telephi
577 774 612 809 in
654 772 1060 820 Thesmophoriazusis
1099 773 1257 821 parodia
1298 774 1531 821 Bakhuyzen
1571 785 1663 821 prae

165 836 300 872 ceteris
336 835 433 872 bene
471 835 627 871 meritus
664 841 722 872 est
755 847 802 872 eo
829 837 931 882 quod
956 836 988 871 F
992 836 1152 872 ritzschii
1180 837 1435 884 suspicionem
1463 837 1574 873 certis
1602 838 1663 873 ad-

165 906 313 935 struens
341 898 463 935 causis
486 898 764 945 comprobavit,
795 900 1007 935 orationem
1031 899 1254 935 Mnesilochi
1268 899 1296 946 ¹)
1324 912 1400 935 non
1419 899 1527 935 aliter
1547 904 1663 946 atque

164 961 491 1009 Dicaeopolidis2)
529 961 687 1008 insignia
728 961 843 997 verba
879 962 926 997 ad
962 961 1246 998 similitudinem
1283 963 1463 998 orationis
1499 962 1662 1009 Telephi

162 1025 213 1061 ab
249 1025 510 1072 Aristophane
551 1037 734 1072 expressa
774 1037 870 1061 esse.
927 1024 1053 1061 »Idem
1094 1024 1171 1061 fere
1208 1030 1267 1061 est
1306 1037 1428 1062 nexus
1469 1026 1661 1069 orationis,

164 1087 300 1123 eadem
325 1088 514 1123 interdum
544 1092 747 1123 occurrunt
773 1087 908 1123 verba«
923 1087 973 1134 3);
1004 1094 1166 1134 utroque
1194 1087 1281 1123 loco
1309 1088 1338 1123 is
1359 1089 1422 1135 qui
1441 1090 1558 1124 verba
1578 1088 1666 1125 facit

163 1149 317 1187 alterius
344 1161 498 1186 causam
524 1149 692 1186 defendit
719 1154 758 1186 et
783 1149 878 1185 alius
906 1155 973 1192 est,
1003 1149 1097 1185 alius
1124 1150 1271 1185 videtur
1299 1162 1419 1186 esse«.
1454 1144 1458 1148 ’

263 1212 308 1249 In
348 1219 507 1260 utraque
547 1213 660 1260 igitur
697 1213 897 1257 comoedia
937 1218 1054 1259 poeta
1093 1218 1132 1249 et
1172 1213 1384 1249 orationem
1424 1212 1586 1261 Telephi
1625 1219 1663 1250 et

163 1280 315 1323 raptum
344 1274 522 1311 Orestem
551 1275 719 1311 imitatus
747 1281 815 1319 est,
846 1275 911 1310 sed
934 1286 1012 1310 non
1040 1276 1178 1311 eodem
1206 1276 1355 1321 ordine:
1386 1276 1422 1310 in
1443 1275 1661 1312 Acharneu-

162 1338 266 1376 sibus
292 1337 538 1386 Dicaeopolis
574 1337 731 1375 corbem
768 1337 1028 1386 carbonariam
1066 1343 1154 1374 ante
1190 1338 1402 1375 orationem
1437 1339 1587 1386 arripit,
1625 1339 1661 1375 in

163 1401 573 1449 Thesmophoriazusis
602 1401 862 1437 Mnesilochus
894 1412 981 1436 cum
1019 1401 1182 1453 mulieris
1210 1401 1350 1438 infante
1379 1403 1414 1437 in
1442 1414 1548 1438 aram
1575 1415 1660 1439 con-

163 1463 277 1513 sugit,
315 1470 524 1513 postquam
567 1464 683 1501 verba
723 1463 820 1500 fecit.
882 1461 1086 1510 Quaeritur
1125 1470 1208 1500 uter
1248 1464 1284 1500 in
1325 1465 1523 1513 tragoedia
1564 1466 1659 1502 ordo

163 1527 285 1563 fuerit.
330 1527 454 1563 Recte
481 1528 595 1564 etiam
619 1528 680 1563 hic
699 1526 972 1574 Bakhuyzen4)
994 1528 1211 1574 respondet,
1241 1527 1661 1577 Thesmophoriazusas

125 1614 127 1616 -
162 1602 239 1627 non
264 1589 534 1627 Acharnenses
570 1582 778 1638 genuinum
814 1601 1012 1626 scenarum
1049 1590 1221 1626 ordinem
1256 1603 1418 1628 servare.
1473 1592 1661 1629 Videmus

162 1655 285 1700 igitur,
314 1653 618 1701 Aristophanem
646 1654 710 1700 qui
738 1654 774 1689 in
801 1653 933 1689 ceteris
956 1654 1122 1700 parodiis
1142 1653 1232 1689 satis
1251 1652 1394 1703 habuit,
1423 1656 1660 1703 singulorum

162 1729 340 1754 versuum
368 1716 539 1753 ordinem
556 1721 747 1769 'mptasse,
776 1717 813 1751 in
831 1715 1141 1752 Acharnensibus
1171 1728 1218 1751 eo
1238 1716 1411 1753 licentiae
1430 1720 1658 1765 pervenisse,

161 1787 203 1818 ut
246 1781 361 1817 etiam
402 1792 528 1816 rerum
569 1791 847 1827 scenarumque
884 1790 1026 1815 nexum
1067 1791 1137 1815 suo
1177 1779 1331 1816 arbitrio
1371 1783 1658 1830 perverteret5).

263 1930 288 1968 l)
309 1931 431 1960 Thesm.
453 1929 626 1967 466—519.

262 1982 288 2021 2)
309 1984 439 2012 Achai-n.
461 1983 634 2020 496—556.

262 2035 287 2074 ³)
308 2036 403 2068 Bakh.
426 2046 456 2074 p.
482 2035 528 2065 18.
551 2045 595 2074 sq.

260 2089 286 2128 4)
308 2091 329 2119 l.
351 2090 371 2119 1.
397 2097 464 2119 121.

263 2141 288 2181 5)
309 2143 463 2172 Sententia
495 2142 688 2180 Bakhuyzeni
720 2142 769 2170 vix
802 2141 915 2178 indiget
945 2141 1065 2178 propria
1092 2141 1359 2177 argumentatione.
1408 2142 1526 2178 Quodsi
1555 2148 1657 2171 tamen

158 2197 201 2226 eis
228 2206 304 2235 quas
335 2198 398 2235 ipse
419 2196 472 2225 ille
494 2196 677 2234 comparavit
699 2194 797 2224 causis
820 2203 926 2222 novam
948 2194 1098 2231 adiungo,
1126 2194 1365 2222 Aeharnensium
1387 2204 1476 2223 causa
1498 2195 1593 2232 facio,
1625 2196 1655 2224 in

160 2259 219 2288 qua
247 2250 399 2288 quaedam
426 2259 472 2278 res
499 2249 697 2278 offensionem
723 2249 865 2287 praebere
891 2247 995 2281 debet,
1027 2248 1123 2276 donee
1146 2256 1181 2276 ea
1202 2257 1293 2285 quam
1315 2257 1405 2286 supra
1426 2250 1657 2279 monstravimus

158 2302 303 2341 parodica
324 2302 447 2332 licentia
468 2302 642 2341 explicetur.
685 2302 818 2331 Acham.
840 2307 898 2345 317
921 2309 967 2337 sq.
992 2300 1209 2338 Aristophanes
1230 2300 1358 2339 Telephi
1382 2302 1472 2330 verba

448 2378 456 2386 .
479 2378 486 2385 .
510 2353 587 2386 οὐδ’
612 2357 642 2387 εἰ
663 2355 807 2386 πέλεκυν
828 2352 862 2384 ἐν
883 2356 998 2394 χεροῖν
1021 2352 1106 2394 ἔχων

383 2409 497 2450 μέλλοι
523 2419 571 2443 τις
591 2410 638 2443 εἰς
659 2405 824 2449 τράχηλον
845 2407 1000 2449 ἐμβαλεῖν
1022 2403 1106 2447 ἐμόν
1369 2444 1371 2446 v

387 2458 569 2503 σιγήσομαι
591 2457 704 2493 δίκαιά
727 2460 764 2503 γ’
788 2459 957 2492 ἀντειπεῖν
978 2457 1064 2499 ἔχων
1086 2459 1209 2497 (Nauck
1231 2460 1338 2498 fragm.
1363 2461 1432 2499 706)

167 2514 279 2543 mitans
308 2519 338 2543 et
359 2524 473 2552 augens
495 2515 761 2553 Dicaeopolidem,
792 2514 839 2544 cui
861 2522 945 2542 senes
965 2514 1174 2543 Acharnenses
1196 2514 1382 2548 insidiantur,
1407 2514 1557 2544 dicantem
1578 2514 1659 2551 facit,

155 2572 187 2595 se
214 2565 298 2606 ὑπὲρ
329 2563 484 2605 ἐπιξήνου
515 2577 634 2596 causam
673 2578 758 2597 suam
786 2566 946 2597 defendere
975 2566 1061 2595 velle.
1105 2566 1165 2595 Sed
1194 2567 1302 2595 chorus
1328 2567 1354 2595 ei
1381 2568 1513 2606 denegat
1540 2568 1660 2596 dicendi

154 2623 336 2656 potestatem
358 2620 570 2659 lapidibusque
585 2629 654 2648 eum
669 2621 795 2650 obruere
809 2624 893 2659 parat
908 2627 977 2647 cum
993 2624 1116 2658 repente
1131 2619 1326 2658 Dicaeopolis
1341 2620 1471 2658 Telephi
1487 2620 1660 2658 exemplum
