1826 3088
798 252 1048 289 ‚60-

170 347 326 402 κλῄζετε
340 352 504 389 Μοῦσαι
520 351 735 388 scribendo.
764 351 1036 389 Concedamus
1050 353 1163 403 igitur
1177 364 1310 389 revera
1325 352 1457 388 Musas
1474 352 1675 399 Agathoni

169 415 447 462 respondentes
474 414 578 463 fingi.
763 418 766 421 '

269 476 407 513 Altera
446 478 566 513 oritur
605 478 781 525 quaestio
816 483 945 514 utrum
981 479 1137 515 omnino
1173 478 1313 514 chorus
1349 477 1483 525 aliquis
1501 478 1675 517 „chorica

168 539 231 577 illa
258 545 371 578 canat
398 552 446 577 an
474 539 580 577 solus
600 540 761 588 Agatho
787 546 826 578 et
852 540 960 578 chori
982 547 1021 579 et
1039 541 1178 578 actoris
1198 545 1327 588 partes
1346 552 1460 588 agere
1480 542 1674 589 putandus

167 604 234 648 sit;
263 604 335 640 hac
363 604 465 640 enim
493 604 640 641 ratione
667 604 875 651 antiquitus
902 604 1132 643 scholiastae
1159 604 1287 642 locum
1310 604 1548 652 interpretati
1565 611 1672 643 sunt:

169 663 191 705 ὃ
220 662 407 716 Ἀγάθων
440 662 683 715 ὖποκριτικὰ
716 666 816 717 μέλη
851 664 940 704 τινὰ
975 670 1107 706 ποιεῖ·
1136 662 1340 717 ἀμφότερα
1365 666 1409 705 δὲ
1433 662 1550 713 αὐτὸς
1575 662 1674 707 ὑπο-

169 729 352 779 κρίνεται.
370 752 421 757 -
438 728 611 777 μονωδεῖ
639 724 660 767 ὃ
689 724 877 780 Ἀγάθων
905 724 957 776 ὡς
983 726 1085 779 πρὸς
1114 728 1230 781 χορὸν
1256 725 1326 778 οὗχ
1355 725 1406 777 ὡς
1432 727 1504 768 ἐπὶ
1531 731 1675 782 σκηνῆς

117 820 121 824 .
170 787 257 830 ἀλλ’
291 788 343 838 ὡς
379 791 583 843 ποιήματα
618 791 838 838 συντιθείς,
878 789 943 832 διὸ
979 792 1048 831 καὶ
1080 791 1222 842 χορικὰ
1258 793 1363 844 λέγει
1398 792 1516 844 μέλη,
1558 788 1675 840 αὐτὸς

168 852 270 905 πρὸς
298 850 431 905 αὖτόν,
473 849 526 902 ὥς
551 851 693 904 χορικὰ
721 854 822 904 de'l).
875 854 1024 892 Omnes
1051 855 1128 892 fere
1138 856 1169 904 2)
1196 856 1295 893 hanc
1322 857 1675 905 interpretationem

166 926 208 956 ut
243 920 415 967 ineptam
450 913 766 967 repudiaverunt;
809 918 900 955 mihi
928 919 1083 967 quidem
1111 920 1320 956 rectissima
1347 920 1496 957 videtur
1522 932 1606 957 esse
1636 925 1675 958 et

167 982 282 1031 plane
311 982 534 1026 necessaria,
556 982 595 1027 *si
620 982 739 1018 modo
764 982 803 1018 id
826 982 1055 1030 quaerimus,
1085 982 1176 1030 quid
1195 987 1354 1018 naturae
1372 984 1675 1031 comoediaeque

168 1046 292 1093 magis
319 1046 367 1082 sit
394 1045 626 1082 conveniens
653 1051 692 1082 et
718 1045 983 1094 Aristophane
1007 1045 1177 1092 dignum.
1235 1044 1396 1093 Agatho
1424 1045 1461 1082 in
1486 1045 1674 1083 Thesmo-

166 1109 404 1157 phoriazusis
431 1110 703 1145 tantummodo
730 1109 779 1145 ad
807 1121 896 1145 eum
923 1108 1040 1145 finem
1068 1114 1109 1145 ut
1136 1108 1314 1145 illudatur
1340 1108 1538 1146 inducitur.
1586 1107 1675 1157 Qua

169 1172 315 1208 ratione
355 1172 391 1208 id
433 1171 568 1207 melius
608 1177 763 1219 poterat
797 1171 897 1215 fieri,
940 1183 1057 1218 quam
1093 1177 1135 1207 ut
1169 1171 1451 1218 Aristophanes
1485 1173 1674 1219 tragicum

168 1234 454 1283 spectatoribus
488 1239 576 1271 ante
611 1234 746 1272 oculos
783 1240 964 1283 poneret,
1002 1234 1129 1271 nescio
1157 1245 1274 1281 quam
1303 1246 1425 1284 novae
1452 1235 1673 1280 tragoediae

168 1303 319 1346 partem
354 1303 483 1334 mente
521 1297 801 1346 concipientem
811 1298 840 1346 ⁸)
868 1303 986 1346 atque
1015 1297 1169 1334 ridicule
1197 1304 1236 1334 et
1260 1297 1451 1335 histrionis
1478 1303 1607 1346 partes
1635 1303 1674 1335 et

166 1361 273 1398 chori
297 1366 478 1408 agentem
488 1361 530 1408 4).
1718 1355 1721 1358 ¹

269 1424 383 1460 Hunc
419 1424 732 1461 commenticium
765 1423 987 1471 Agathonis
1021 1423 1182 1460 chorum
1218 1424 1396 1460 Zielinski
1430 1425 1541 1471 quasi
1577 1423 1673 1472 frag-

166 1495 340 1526 mentum
368 1487 521 1525 fabulae
548 1487 713 1524 amissae
740 1487 776 1523 in
804 1487 1215 1535 Thesmophoriazusis
1234 1501 1261 1525 α
1288 1492 1430 1524 restare
1458 1487 1672 1532 arbitratur.

166 1552 267 1589 Nam
305 1551 429 1588 multo
465 1551 662 1599 graviores
698 1556 828 1598 partes
855 1552 892 1588 in
926 1550 1178 1598 »Calligenia«
1210 1551 1282 1587 iste
1307 1550 1506 1587 Musarum
1534 1550 1674 1587 chorus

166 1617 257 1664 egit.
313 1614 464 1653 Chorus
500 1614 992 1663 Thesmophoriazusarum
1010 1615 1037 1663 β
1073 1613 1262 1651 Zielinskii
1302 1614 1489 1651 sententia
1523 1614 1560 1650 in
1595 1614 1673 1651 duo

165 1678 402 1715 hemichoria
429 1683 511 1714 erat
537 1678 699 1721 divisus,
741 1690 906 1725 quorum
933 1678 1097 1714 alterum
1124 1678 1222 1714 sicut
1249 1679 1285 1714 in
1312 1679 1516 1726 superstite
1544 1678 1674 1715 fabula

165 1742 330 1778 feminae
367 1740 570 1784 mortales,
609 1740 772 1777 alterum
806 1752 898 1777 vero
935 1752 1075 1777 novem
1101 1739 1235 1776 Musae
1263 1746 1302 1777 et
1329 1764 1374 1769 -—
1402 1747 1481 1778 tres
1506 1740 1672 1785 Gratiae,

165 1817 255 1841 nam
292 1816 473 1840 numerus
509 1803 715 1840 duodecim
733 1803 1023 1850 ,choreutarum
1059 1803 1187 1850 aliquo
1215 1789 1345 1840 modo=
1359 1804 1575 1852 explendus
1602 1810 1673 1850 est,

165 1867 396 1905 efficiebant.
445 1866 587 1902 Mirum
612 1865 846 1913 Calligeniae
873 1865 1048 1909 chorum,
1077 1866 1141 1913 qui
1168 1865 1204 1902 in
1231 1870 1291 1916 tot
1317 1866 1483 1903 varietur
1510 1866 1672 1904 formas!

165 1930 383 1968 Duodecim
402 1929 580 1966 mulieres
600 1928 794 1971 mortales,
823 1940 964 1965 novem
984 1928 1130 1971 Musae,
1158 1933 1237 1965 tres
1255 1928 1409 1967 Gratiae
1426 1930 1476 1966 de
1492 1929 1675 1978 Euripide

165 1996 376 2031 decertant.
432 1992 521 2040 Qua
554 1993 603 2030 de
631 2005 746 2029 causa
774 1991 938 2029 famulus
965 1991 1196 2040 Agathonis,
1224 1993 1414 2041 siquidem
1441 1993 1521 2030 eius
1547 1993 1675 2031 verbis

165 2058 299 2094 Musas
335 2056 542 2099 debemus,
585 2056 633 2092 de
669 2054 809 2092 Gratiis
844 2055 1007 2091 tacuerit
1042 2067 1178 2102 parum
1213 2056 1337 2092 video.
1400 2057 1547 2093 Dubito
1583 2069 1674 2093 num

164 2120 344 2158 Zielinski
378 2119 457 2156 ullo
495 2119 570 2156 alio
607 2118 791 2166 exemplo
829 2117 906 2155 tale
947 2117 1053 2155 chori
1088 2123 1303 2155 monstrum
1340 2106 1523 2168 probare*
1540 2113 1674 2168 possit.

269 2271 295 2310 ¹)
316 2269 360 2307 ὥς
377 2268 483 2314 χορὸς
505 2271 545 2302 δέ
565 2271 777 2301 Wilamowitz.

270 2324 295 2362 ²)
316 2326 437 2354 Praeter
450 2324 719 2353 Wilamowitzium
741 2324 762 2353 1.
778 2324 797 2353 1.
815 2334 845 2362 p.
864 2331 920 2362 155
936 2333 981 2361 sq.
1003 2329 1033 2352 et
1055 2324 1293 2361 Anderssonem,
1321 2325 1521 2361 Quaestiones
1541 2326 1677 2355 scenicae

165 2380 236 2409 diss.
258 2379 386 2408 Lundae
412 2378 489 2416 1878
512 2389 542 2417 p.
564 2386 593 2415 9.

267 2430 293 2469 ¹³)
314 2429 438 2461 Thesm.
465 2439 506 2468 49
528 2440 615 2469 sqq-z
653 2431 769 2472 μέλλει
790 2428 855 2472 γὰρ
876 2428 894 2460 ὁ
917 2427 1095 2469 καλλιεπὴς
1113 2429 1264 2470 Ἀγάθων

662 2532 827 2578 δρυόχους
850 2539 983 2568 τιθέναι
1006 2533 1177 2580 δράματος
1202 2533 1315 2577 ἀρχάς.

267 2588 294 2627 ι)
315 2590 410 2625 Recte
424 2589 535 2619 schol.:
563 2586 607 2623 ὥς
625 2586 729 2631 χορὸε
752 2589 798 2619 δέ.
832 2590 982 2619 Nimirum
997 2590 1121 2628 Agatho
1136 2600 1240 2620 vocem
1257 2590 1353 2619 variat
1366 2595 1526 2627 motusque
1541 2590 1676 2619 choricos

164 2643 309 2672 imitatur.
