1826 3088
779 228 1029 266 „51-

254 321 379 359 Pauca
410 322 532 360 adicio
559 333 659 371 quae
686 321 723 357 in
750 322 946 359 tractanda
965 322 1376 371 Thesmophoriazusis
1402 322 1493 360 mihi
1522 334 1652 359 occur-

153 391 300 424 rerunt:

183 484 187 487 ,
254 461 290 486 ν.
325 449 395 496 176
429 448 532 485 docti
567 448 768 485 dissentint
795 447 1082 485 Mnesilochone
1118 460 1166 485 an
1193 448 1391 496 Agathoni
1418 449 1650 486 vocabulum

156 510 245 561 λέγε
278 513 326 548 sit
364 512 617 549 tribuendum.
677 512 800 548 Recte
840 512 976 560 opinor
1012 511 1201 548 Kusterus
1243 511 1454 549 Brunckius
1490 512 1650 549 Bothius

153 575 345 623 Euripidis
379 574 483 612 affini
520 575 725 620 dederunt,
759 575 790 611 si
825 576 1097 612 sententiarum
1133 575 1251 611 modo
1278 587 1421 611 nexum
1448 576 1540 612 satis
1568 587 1649 623 per-

152 637 282 685 spicio.
328 637 609 685 Aristophanes
636 638 673 673 id
692 637 798 685 quod
816 637 886 674 sibi
911 637 1113 686 proposuit
1135 643 1331 674 assecutus
1348 644 1417 682 est,
1444 644 1650 685 utrumque

151 705 309 748 poetam
336 701 523 748 tragicum
551 700 783 748 perstrinxit.
836 700 918 736 Iam
944 713 991 737 eo
1019 700 1120 735 unde
1147 700 1338 747 digressus
1364 706 1423 737 est
1450 701 1499 736 ad
1526 701 1650 748 ipsam

151 763 294 801 scilicet
323 762 473 800 fabulae
500 763 690 801 actionem
718 762 867 799 rediens
885 763 1106 812 Euripidem
1133 775 1229 799 voce
1247 758 1347 801 ἀλλά
1357 764 1386 812 1)
1413 763 1648 811 colloquium

152 838 240 865 cum
259 826 497 869 Mnesilocho
524 826 819 874 abrumpentem
845 825 933 863 facit
959 826 1187 873 veniamque
1213 832 1409 874 petentem
1437 833 1479 864 ut
1506 827 1575 864 sibi
1612 827 1648 863 id

153 890 258 927 cuius
294 889 417 937 gratia
453 890 502 926 ad
529 889 749 938 Agathonis
789 889 948 926 domum
984 889 1130 925 venerit
1161 889 1331 937 proferre
1359 890 1480 926 liceat.
1538 888 1649 936 Quae

151 954 262 989 venia
286 965 372 989 mea
399 953 554 1000 quidem
582 954 770 989 sententia
797 953 944 1001 optime
961 965 985 988 a
1005 952 1253 996 Mnesilocho,
1283 953 1425 1001 quippe
1445 953 1509 1000 qui
1528 965 1649 999 usque

152 1017 201 1054 ad
222 1016 259 1053 id
278 1020 431 1063 tempus
448 1015 697 1052 conviciando
710 1015 937 1063 'Euripidem
957 1015 1075 1051 verba
1093 1014 1216 1051 faeere
1233 1015 1479 1063 prohibuerit,
1509 1016 1651 1062 petitur

151 1081 350 1126 daturque.
396 1078 636 1115 Mnesilocho
664 1078 777 1125 igitur
802 1078 894 1114 illud
921 1077 1008 1128 λέγε
1028 1079 1290 1122 attribuamus,
1318 1078 1542 1126 praesertim
1562 1090 1650 1128 cum

152 1153 294 1179 nomen
329 1140 548 1189 Agathonis
588 1141 625 1177 in
659 1140 764 1177 initio
800 1152 932 1177 versus
967 1142 1160 1189 sequentis
1195 1141 1364 1189 positum
1400 1142 1648 1183 demonstret,

152 1205 375 1252 Euripidem
403 1205 477 1240 iam
505 1205 661 1241 demum
689 1205 738 1241 ad
764 1203 870 1241 illum
896 1217 938 1241 se
964 1210 1187 1242 convertere
1198 1204 1242 1252 2).
1271 1226 1320 1230 ——

254 1345 313 1369 vv.
338 1346 354 1378 7
364 1341 408 1379 57
430 1344 514 1379 sqq.
537 1332 611 1369 hoc
639 1334 757 1370 modo
775 1332 825 1370 ab
845 1318 1054 1370 editoribus
1072 1333 1168 1370 inter
1187 1338 1335 1370 actores
1354 1331 1647 1370 distribuuntur:

303 1398 338 1432 Γ
334 1393 459 1445 υνήΛ
498 1396 629 1440 κακῶς
656 1389 817 1434 ἀπόλοι’
849 1390 902 1441 ὦς
928 1393 1123 1446 φθονερὸς
1149 1390 1184 1433 εἶ
1209 1394 1276 1433 καὶ
1304 1394 1497 1445 δυσμενής.

301 1459 402 1508 Κηδ.
500 1457 610 1496 τουτὶ
635 1454 680 1496 τὸ
707 1457 831 1508 δέρμα
856 1460 922 1509 τῆς
950 1456 1093 1507 ἱερείας
1119 1457 1299 1508 γίγνεται.

303 1524 339 1559 Γ
335 1522 459 1569 υνήΛ
497 1519 538 1559 τί
562 1522 629 1572 τῆς
656 1519 802 1570 ἱερείας
827 1519 1020 1571 γίγνεταις

302 1583 402 1632 Κηδ.
920 1584 1030 1623 τουτί
1058 1617 1066 1625 .
1095 1584 1201 1634 λαβέ.

303 1648 339 1682 Γ
334 1644 449 1695 υνήΓ
490 1644 709 1697 ταλαντάτη
735 1646 864 1693 Mina,
891 1647 951 1693 τίς
976 1644 1180 1697 ἐξεκόρησέ
1206 1660 1249 1685 σε
1276 1647 1354 1685 κτλ.

151 1707 271 1744 Miror
297 1708 503 1757 plerosque
531 1710 758 1757 interpretes
779 1710 823 1754 ,in
839 1710 904 1747 tali
922 1722 1100 1747 versuum
1119 1710 1382 1747 distributione
1400 1709 1646 1757 acquievisse.

150 1771 252 1807 Nam
279 1773 476 1819 quomodo
503 1771 637 1809 mulier
654 1774 713 1819 A,
740 1778 949 1821 postquam
967 1773 1248 1809 Mnesilochum
1275 1773 1368 1809 vidit
1385 1772 1514 1808 vinum
1533 1771 1648 1808 effun-

152 1832 307 1870 dentem
335 1834 395 1870 vel
423 1835 551 1881 potius
578 1834 826 1879 haurientem,
857 1837 1090 1882 interrogare
1110 1837 1242 1883 possit,
1272 1848 1358 1872 cum
1377 1835 1439 1871 ille
1463 1835 1649 1871 sacralem

150 1897 262 1950 ritum
303 1896 442 1935 ironice
481 1897 678 1946 servansss)
708 1899 896 1935 sacerdoti
936 1898 1086 1935 inanem
1122 1898 1264 1947 pellem
1300 1898 1467 1941 dedicet,
1510 1895 1550 1935 τί
1581 1897 1650 1945 vig

153 1957 298 2008 ἱερείας
323 1959 506 2009 γίγνεται,
534 1973 669 2007 parum
698 1962 891 2009 intellego.

254 2022 389 2059 Haesit
415 2023 451 2058 in
479 2023 551 2059 hac
579 2035 619 2059 re
645 2023 922 2071 Bakhuyzen4)
950 2024 1014 2070 qui
1047 2036 1081 2059 v.
1110 2024 1182 2070 758
1211 2023 1415 2059 delendum
1442 2034 1529 2059 esse
1558 2024 1650 2059 eius-

152 2097 226 2131 que
262 2078 349 2122 loco
385 2086 501 2122 alium
537 2088 729 2132 quendam
757 2087 983 2124 Mnesilochi
1017 2099 1170 2129 versum
1204 2086 1391 2123 excidisse
1424 2087 1648 2134 suspicatur.

152 2147 290 2194 Beer5)
316 2159 447 2184 versus
474 2149 548 2194 758
576 2159 661 2196 sqq.
690 2149 765 2185 hoc
793 2150 910 2185 modo
938 2149 1185 2186 distribuens:

113 2205 116 2206 ⁷
274 2212 310 2247 Γ
306 2208 425 2260 υνήΓ
446 2209 553 2249 τουτὶ
580 2207 625 2249 τὸ
652 2210 776 2260 δέρμα
802 2213 869 2262 τῆς
896 2209 1039 2260 ἱερείας
1065 2210 1244 2261 γίγνεται.

274 2271 375 2322 Κηδ.
402 2271 442 2310 τί
467 2273 536 2324 τῆς
563 2270 705 2322 ἱερείας
731 2273 922 2323 γίγνεταις
952 2276 986 2310 Γ
982 2273 1098 2324 υνήΓ
1119 2273 1235 2312 τουτί.
1289 2273 1388 2322 Κηδ.
1418 2273 1517 2321 λαβέ

254 2396 279 2435 ¹)
300 2397 339 2426 cf.
361 2398 483 2427 Thesm.
511 2398 579 2434 748.

253 2447 279 2487 Β)
300 2449 339 2479 cf.
361 2449 483 2479 Thesm.
507 2449 576 2484 218,
602 2458 670 2487 249.

253 2501 279 2539 ³)
300 2502 337 2532 cf·
360 2503 417 2539 693
441 2512 506 2540 sqq-

253 2554 279 2593 4)
300 2555 320 2585 1.
343 2555 363 2585 1.
385 2565 415 2594 p.
441 2563 506 2585 122.

254 2607 279 2645 5)
301 2609 319 2638 l.
342 2618 369 2637 a.
392 2619 421 2646 p.
446 2616 492 2646 75.
