1826 3088
751 267 1041 304 '—43—

162 363 321 406 repente
348 358 500 395 inducta
525 357 618 395 Satis
634 358 927 405 comprobatur,
969 371 1056 396 cum
1084 364 1242 395 naturae
1267 360 1497 396 conveniens
1524 359 1583 401 sit,
1622 363 1663 394 ut

162 420 336 458 servulae
375 421 551 459 mulieres
586 421 845 458 Athenienses
884 422 921 459 in
953 420 1306 470 Thesmophorium
1346 434 1503 471 quoque
1535 433 1662 469 prose-

112 485 114 487 ’
163 490 347 531 quantur:
391 485 548 537 Θρᾷττα
576 497 624 522 ne
660 484 735 521 hoc
770 484 923 532 quidem
960 485 1079 522 modo
1112 483 1267 521 ferenda
1294 491 1363 524 est.
1418 485 1521 533 Quid
1548 485 1664 533 igitur

162 546 370 586 faciamus?
422 548 525 586 Num
553 547 759 586 Zielinskio
770 547 801 595 1)
826 549 1036 592 credamus,
1073 548 1136 595 qui
1163 553 1288 585 totum
1316 549 1542 586 Mnesilochi
1570 560 1659 585 cum

162 623 272 648 serva
298 611 535 659 colloquium
563 624 585 649 e
611 612 817 662 superstite
836 602 1244 659 Thesmophoriazusis
1279 613 1553 661 expellendum
1581 624 1662 660 per-

162 674 341 721 ditaeque
380 675 550 711 eiusdem
587 675 751 711 nominis
785 673 934 711 fabulae
968 674 1213 710 tribuendum
1250 687 1334 711 esse
1368 674 1524 712 censet?
1572 675 1663 711 Non

162 729 261 784 opus
296 742 355 773 est
381 742 488 773 tanta
514 738 550 773 vi
563 752 577 775 ε,
616 737 780 773 Thratta
805 732 926 784 neque
954 750 976 773 a
1003 737 1188 784 principio
1214 739 1437 774 comoediae
1464 738 1575 774 adest
1602 749 1662 773 ne-

162 811 237 846 que
264 799 339 836 hoc
364 800 521 836 demum
548 800 635 837 loco
662 800 801 842 subito
817 799 854 835 in
879 812 992 836 scena
1019 805 1198 847 apparet;
1228 800 1337 836 deest
1363 801 1530 843 omnino,
1559 812 1661 836 com-

163 862 341 900 menticia
376 857 436 899 est
469 874 656 910 persona,
693 874 792 909 quae
819 875 841 898 a
868 862 1107 899 Mnesilocho
1143 863 1277 899 adesse
1311 863 1477 911 fingitur.
1532 863 1662 910 Fingit

161 923 225 961 ille
251 937 291 961 se
319 930 519 972 tamquam
547 924 743 961 mulierem
764 924 935 961 Atticam
962 937 1049 962 curn
1077 925 1225 962 servula
1251 926 1287 962 in
1308 926 1662 974 Thesmophorium

162 987 214 1023 ire
226 987 273 1034 ²);
316 986 426 1034 fingit
465 1000 506 1023 se
546 987 609 1023 illa
644 988 930 1024 administrante
966 1000 1074 1024 sacra
1107 987 1230 1024 facere
1265 988 1663 1036 Thesmophorosque

162 1050 334 1086 adorare.
388 1049 538 1087 Fictam
570 1050 734 1098 denique
769 1062 918 1087 servam
946 1050 1051 1087 abire
1076 1050 1181 1087 iubet
1207 1063 1243 1091 v.
1273 1060 1365 1097 293:
1404 1047 1562 1096 δούλοις
1590 1048 1662 1099 γὰρ

163 1109 233 1151 οὒκ
272 1110 393 1160 ἔξεστ’
443 1108 601 1151 ἀκούειν
635 1114 711 1151 τῶν
743 1111 877 1163 λόγων.
939 1112 1067 1161 Quam
1104 1125 1259 1150 causam
1295 1126 1383 1150 cum
1417 1114 1501 1162 ipsa
1534 1113 1665 1150 fabula

163 1175 282 1212 refelli
326 1175 547 1224 putarentss)
592 1176 814 1223 Meineke-1)
854 1188 1005 1213 versum
1045 1177 1173 1219 eiecit,
1215 1177 1392 1213 Zielinski
1435 1177 1663 1212 sententiam

162 1251 271 1275 suam
299 1251 415 1285 quam
443 1252 559 1287 supra
586 1239 834 1276 indicavimus
861 1239 1001 1288 aliquid
1027 1239 1243 1276 confirmari
1261 1239 1475 1276 arbitratur.
1514 1239 1664 1275 Tamen

163 1313 239 1337 non
264 1306 323 1338 est
349 1314 416 1338 cur
442 1302 560 1339 verba
585 1302 649 1338 illa
675 1302 891 1346 deleantur3
920 1302 1040 1338 immo
1068 1307 1111 1338 ut
1137 1314 1269 1338 versus
1297 1302 1502 1338 retineatur
1526 1303 1662 1338 suadet
1684 1289 1688 1293 ”

163 1364 226 1400 illa
261 1365 345 1408 lex,
383 1377 483 1412 quae
520 1377 676 1402 causam
703 1377 726 1401 a
752 1370 870 1412 poeta
895 1365 983 1401 addi
1011 1364 1103 1408 vult,
1141 1365 1318 1412 quotiens
1343 1355 1470 1411 aliqua
1497 1377 1663 1412 persona

162 1439 318 1463 scenam
346 1427 534 1474 relinquit.
589 1427 870 1475 Aristophanes
896 1426 984 1464 facit
1011 1427 1292 1464 Mnesilochum
1319 1439 1526 1474 personam
1553 1440 1661 1463 suam

163 1501 285 1537 usque
312 1491 361 1527 ad
388 1489 503 1527 finem
528 1496 609 1527 tam
636 1490 798 1532 fideliter
824 1495 1005 1533 tuentem,
1036 1495 1077 1526 ut
1104 1490 1218 1526 etiam
1238 1488 1367 1526 fictam
1387 1489 1490 1526 illam
1510 1502 1661 1526 servam

162 1574 211 1581 —
239 1553 276 1590 in
312 1553 384 1590 hac
422 1566 461 1591 re
495 1566 647 1591 summa
682 1554 830 1591 iocandi
857 1553 1015 1590 vertitur
1041 1574 1091 1580 —
1117 1553 1208 1589 satis
1236 1565 1368 1589 severe
1395 1558 1434 1589 et
1460 1552 1662 1601 diligenter

162 1623 371 1656 removeat.
432 1617 535 1665 Quid
569 1618 684 1656 refert
719 1619 824 1666 quod
860 1630 935 1654 non
969 1617 1092 1654 multo
1126 1621 1217 1665 post
1252 1628 1409 1653 causam
1446 1616 1549 1653 illam
1586 1628 1661 1664 qua

163 1680 446 1729 Aristophanes
482 1682 600 1718 modo
635 1694 768 1718 servae
803 1681 1010 1717 discessum
1046 1679 1315 1727 comprobavit
1341 1680 1425 1727 ipsa
1452 1679 1581 1716 fabula
1609 1692 1661 1715 re·

162 1744 296 1792 dargui
319 1743 559 1792 videmus⁸)?
607 1744 796 1788 Nimirum
824 1749 959 1792 postea
986 1744 1106 1779 servis
1130 1754 1228 1790 opus
1254 1747 1323 1786 est,
1357 1754 1456 1791 quae
1484 1742 1663 1779 mulieres

162 1807 200 1843 in
227 1807 428 1843 afferendis
454 1807 565 1854 lignis
590 1808 789 1843 adiuvent:
819 1818 912 1853 ergo
939 1806 1090 1842 adsunt.
1122 1828 1165 1832 —

264 1869 390 1908 Ceteri
430 1870 524 1914 loci,
564 1870 703 1918 quibus
738 1868 1039 1917 Aristophanem
1075 1880 1326 1917 personarum
1361 1869 1552 1906 discessus
1585 1881 1662 1905 non

161 1934 253 1969 satis
289 1934 401 1969 certis
434 1934 670 1979 argumentis
696 1934 891 1969 adstruere
918 1932 1153 1975 viderimus,·
1177 1938 1352 1968 actorum
1380 1933 1570 1979 paucitate
1597 1945 1660 1969 ex-

159 1995 360 2045 plicantur.

262 2060 507 2107 Perspicuum
542 2064 602 2095 est
638 2059 828 2096 cornicum
864 2058 900 2094 in
935 2070 1056 2105 parvo
1091 2058 1205 2094 trium
1239 2058 1464 2095 histrionum
1500 2070 1661 2095 numero

159 2124 398 2171 requiescere
433 2121 668 2168 nequivisse,
710 2133 797 2157 cum
834 2112 933 2157 circa
968 2132 1121 2157 versum
1157 2121 1231 2167 928
1269 2121 1436 2168 quinque
1472 2133 1662 2169 personae

160 2200 235 2224 una
272 2187 309 2223 in
342 2198 456 2223 scena
491 2189 708 2221 versentur:
753 2183 949 2233 κηδεστής,
981 2180 1217 2233 Εὐριπίδης,
1255 2179 1454 2232 πρύτανις,
1490 2181 1659 2234 τοξότης,

159 2248 250 2301 γυνή
277 2251 317 2287 Γ.
367 2248 595 2286 Rectissime
621 2247 669 2284 de
695 2246 770 2283 hoc
799 2247 953 2294 quidem
981 2246 1069 2283 loco
1096 2246 1273 2282 iudicavit
1300 2246 1398 2283 Beer
1410 2248 1451 2294 ⁵),
1491 2254 1529 2283 et
1556 2259 1662 2295 prae-

262 2383 274 2403 ¹
308 2385 329 2414 1.
351 2395 378 2413 a.
401 2384 436 2412 81
463 2393 477 2412 s
500 2405 518 2418 .,
583 2403 591 2412 .

261 2384 288 2476 ’ζ
308 2438 425 2467 Revera
458 2391 580 2466 ecciderz3
593 2440 726 2465 remanet
753 2434 836 2468 loco;
870 2442 969 2462 revera
998 2443 1059 2462 non
1086 2433 1291 2462 Mnesilochus
1318 2433 1358 2461 ad
1383 2433 1664 2471 Thesmophorium

158 2492 211 2521 sed
232 2491 508 2529 Thesmophorium
528 2490 568 2518 ad
590 2488 813 2517 Mnesilochum
834 2486 959 2516 accedit.

260 2542 287 2583 8)
306 2554 335 2574 v.
356 2543 415 2582 728
436 2552 502 2581 sqq.
525 2551 626 2571 servae
647 2541 768 2571 adsunt.

260 2597 286 2636 4)
307 2598 418 2627 Velsen
439 2606 561 2635 quoque
582 2596 612 2625 in
634 2595 767 2624 editione
789 2592 975 2624 Meinekium
999 2597 1118 2622 secutus
1139 2597 1193 2623 est.

261 2649 287 2689 5)
308 2652 328 2680 1.
352 2662 378 2681 a.
401 2650 439 2687 78
461 2650 506 2688 sq.
