1826 3088
702 207 953 245 „17-

182 300 293 339 Haec
315 300 460 349 tragica
486 294 549 336 vel
575 298 808 347 tragicorum
828 298 962 336 similia
980 299 1120 336 eodem
1139 311 1217 346 quo
1236 299 1272 335 in
1293 298 1441 335 Helena
1460 299 1579 335 modo

78 362 221 400 ludicra
254 363 362 403 fiunt.
422 362 583 400 Summa
618 361 800 410 parodiae
838 363 894 399 vis
934 361 996 398 hic
1032 374 1187 410 quoque
1223 362 1260 399 in
1294 374 1342 399 eo
1378 368 1437 399 est
1474 363 1578 411 quod

76 426 210 465 comici
257 431 409 464 actores
452 425 620 473 tragicas
664 430 794 473 partes
838 430 974 473 agunt:
1015 424 1217 473 Euripides
1255 437 1376 462 senex
1416 425 1578 462 sustinet

75 490 202 528 Persei
228 485 454 538 personam;
484 487 745 533 Mnesilochus
780 488 816 525 in
840 500 954 526 cruce
980 489 1128 526 vinctus
1155 489 1448 526 Andromedam
1474 503 1577 538 παρ-

75 551 194 591 θένον
226 554 344 598 θεαῖς
378 547 520 599 ὁμοίαν
546 557 826 599 repraesentat3
856 551 967 589 Echo
1001 552 1173 600 nympha
1200 558 1360 589 venusta
1387 557 1575 600 spectato-

75 616 178 654 ribus
215 621 257 652 ut
291 614 444 662 garrula
479 626 575 650 anus
608 615 835 659 ostenditur3
877 612 920 652 αὶ
958 613 1075 663 φίλαι
1106 615 1304 664 παρθένοι
1331 627 1427 662 quas
1453 614 1576 650 affinis

74 691 111 717 v.
141 686 234 725 1115
260 677 467 724 alloquitur
502 676 582 717 scil.
610 673 653 714 αὶ
684 674 1076 728 Θεσμοφοριαζουσαι
1105 679 1280 726 γυναῖκες
1305 689 1431 724 neque
1456 675 1573 728 φίλαι

74 754 199 789 neque
224 738 424 791 παρθένοι
444 745 533 777 sunt
544 739 585 787 1).
633 738 750 787 Quod
768 740 817 776 ad
835 745 1049 777 monstrum
1067 740 1213 784 attinet,
1241 740 1300 777 cui
1320 739 1574 777 Andromeda

73 817 97 841 a
132 803 292 852 Cepheo
332 809 414 839 erat
453 804 644 850 proiecta,
689 804 862 851 quaestio
897 803 1036 847 oritur,
1078 809 1202 840 utrum
1244 804 1280 840 in
1315 804 1514 851 tragoedia
1550 816 1572 839 a

73 865 354 915 spectatoribus
397 871 648 913 conspectum
692 866 741 902 sit
784 878 912 906 necne.
979 866 1112 914 Atque
1152 865 1333 902 Welcker
1344 865 1374 913 2)
1415 866 1570 913 quidem

73 942 205 968 revera
238 929 331 967 illud
352 941 436 978 -per
471 928 588 965 breve
623 929 808 978 temporis
834 929 1000 978 spatium
1027 928 1179 967 theatro
1206 934 1460 966 monstratum
1489 941 1572 966 esse

72 993 254 1040 coniecit,
291 992 396 1028 cuius
430 992 658 1028 sententiam
694 1004 797 1029 novo
826 997 1054 1043 argumento
1081 992 1241 1028 adstruit
1267 986 1456 1038 Robert³)
1484 1005 1571 1028 cum

72 1056 191 1094 dicat:
237 1054 447 1103 »Bag-egen
463 1053 602 1103 finden
627 1054 705 1090 wir
729 1054 801 1090 den
828 1053 942 1102 Kopf
957 1054 1024 1090 des
1041 1053 1157 1102 κῆτος
1184 1076 1232 1080 -
1260 1053 1296 1089 in
1321 1065 1571 1101 personarum

71 1119 213 1155 scilicet
231 1117 459 1165 imaginibus
477 1117 515 1153 in
532 1117 681 1164 pictura
693 1116 925 1164 Pompeiana
944 1118 1237 1164 repraesentatis
1245 1116 1276 1163 4)
1295 1129 1360 1161 —;
1380 1118 1470 1165 dass
1490 1118 1573 1154 dies

69 1182 111 1218 in
137 1181 224 1218 dem
241 1179 560 1229 Eurz‘pidezlrclzcn
580 1172 700 1216 Stuck
725 1179 897 1216 sichtbar
921 1192 1018 1225 war,
1046 1179 1116 1216 hat
1141 1178 1259 1215 sehon
1287 1178 1457 1217 Welcker
1483 1193 1567 1216 ver-

69 1250 190 1282 mutet
224 1245 308 1281 und
339 1243 398 1280 die
431 1255 507 1280 von
532 1242 728 1279 Matthiae
754 1244 825 1279 mit
847 1243 971 1280 Recht
993 1243 1418 1291 zusammengestellten
1456 1242 1571 1279 Verse

390 1300 468 1355 ὁρῶ
498 1304 542 1343 δὲ
567 1302 668 1354 πρὸς
693 1306 759 1355 τῆς
786 1304 988 1355 παρθένου
1015 1301 1243 1352 θοινάματα

393 1368 506 1418 κῆτος
531 1366 683 1415 θοάζον
709 1365 754 1414 ἒξ
769 1362 1017 1419 Ἀτλαντικῆς
1042 1364 1139 1414 ἁλός

67 1431 245 1469 schez'nen
281 1444 323 1469 es
356 1443 406 1468 zu
434 1431 681 1479 bestdtigem.
734 1431 963 1468 Dubitanter
989 1432 1102 1480 igitur
1129 1433 1210 1481 ipse
1238 1432 1387 1468 Robert
1414 1432 1462 1468 de
1489 1444 1567 1468 ver—

66 1495 170 1532 sibus
190 1508 213 1531 a
227 1494 439 1531 Matthiaeo
458 1494 706 1542 coniunctis⁵)
725 1494 872 1539 iudicat,
894 1496 959 1543 qui
979 1508 1111 1533 revera
1130 1495 1218 1532 nihil
1237 1496 1287 1532 ad
1301 1495 1566 1543 quaestionem

65 1558 291 1595 solvendam
318 1557 455 1594 afferre
473 1562 645 1605 possunt,
679 1569 766 1593 cum
785 1557 923 1594 Tiberii
943 1557 1036 1607 περὶ
1055 1556 1262 1609 σχημάτων
1270 1558 1302 1605 ⁶)
1322 1557 1439 1593 verba
1467 1552 1567 1607 »ὃριῖ

66 1620 110 1659 δὲ
136 1644 183 1648 -
210 1617 441 1669 θυνάματω
476 1614 585 1658 ἀντὶ
613 1621 700 1659 τοῦ
726 1614 864 1659 εἶδον
891 1627 1024 1670 aperte
1052 1622 1266 1665 ostendant,
1299 1633 1366 1657 eos
1394 1632 1416 1657 e
1445 1632 1566 1657 narra-

64 1685 168 1721 tione
204 1684 326 1721 nuntii
360 1684 558 1721 cuiusdam
594 1696 780 1722 manasse.
833 1682 951 1731 Quod
984 1690 1112 1722 autem
1148 1682 1284 1735 κήτους
1317 1683 1447 1731 imago
1471 1684 1567 1721 inter

64 1747 157 1796 alias
184 1748 410 1796 tragoediae
436 1759 621 1797 personas
649 1747 685 1784 in
713 1747 858 1797 pictura
885 1748 949 1785 illa
975 1748 1209 1797 Pompeiana
1235 1747 1477 1795 conspicitur,
1519 1759 1565 1784 ne

63 1810 135 1847 hac
169 1811 324 1859 quidem
364 1823 403 1847 re
440 1811 531 1847 mihi
566 1811 786 1859 persuaderi
812 1816 961 1858 potest,
998 1817 1212 1847 monstrum
1249 1812 1285 1846 in
1312 1810 1566 1847 Andromeda

62 1873 269 1924 Euripidea
295 1874 382 1911 anni
410 1884 484 1920 412
512 1874 793 1922 spectatoribus
819 1880 906 1910 ante
931 1874 1066 1911 oculos
1085 1875 1253 1922 positum
1275 1872 1402 1913 fuisse.
1439 1872 1566 1910 Pictor

61 1937 123 1973 ille
164 1926 389 1985 parietarius
425 1950 502 1974 non
529 1950 665 1974 omnes
692 1937 911 1984 tragoediae
939 1950 1125 1985 personas
1152 1936 1281 1981 finxit3
1318 1936 1462 1983 quodsi*
1484 1948 1564 1984 per-

61 2012 175 2036 sonas
199 2000 395 2037 Minervae
414 2000 632 2049 Echusque,
662 2012 760 2047 quae
776 1999 935 2036 Roberti
962 2001 1148 2037 sententia
1175 2002 1212 2036 in
1239 2011 1353 2035 scena
1371 1999 1560 2046 apparuit,

60 2062 269 2110 depingere
296 2062 435 2105 omisit,
463 2068 689 2105 monstrum,
719 2062 859 2109 quippe
888 2062 994 2108 quod
1021 2063 1058 2098 in
1082 2062 1280 2109 tragoedia
1304 2062 1434 2107 magni
1461 2067 1563 2097 esset

60 2126 257 2170 momenti,
286 2138 337 2162 ex
364 2137 434 2163 suo
462 2127 603 2163 addere
630 2130 801 2174 poterat,
837 2125 985 2162 etiamsi
1013 2136 1207 2173 nunquam
1234 2124 1270 2160 in
1297 2123 1449 2160 theatro
1477 2135 1563 2159 con-

59 2195 255 2237 spexerat.
293 2188 372 2226 Sed
390 2191 650 2227 concedamus
663 2188 904 2237 Pompeianis
918 2189 1199 2237 spectatoribus
1218 2187 1379 2225 fortasse
1402 2187 1562 2224 monstri

162 2318 187 2356 1)
208 2320 393 2356 Bakhuyzen
416 2331 446 2358 p.
472 2321 539 2351 128.

161 2370 187 2410 Β)
210 2372 327 2402 Griech.
354 2373 445 2412 Trag.
469 2382 500 2411 p.
523 2373 593 2412 652.

159 2424 186 2465 8)
204 2426 226 2456 1.
247 2436 275 2456 a„
299 2436 331 2465 p.
354 2434 402 2456 20.

158 2478 185 2515 ⁴)
205 2480 297 2509 Arch.
320 2478 387 2515 Ztg.
412 2479 504 2515 1878,
535 2479 607 2515 Taf.
623 2488 661 2515 ,3-

159 2529 184 2570 ⁶)
204 2532 315 2562 Nauck
338 2532 447 2571 fragm.
474 2538 541 2571 145.

101 2608 104 2611 .
145 2583 182 2622 ¹⁶)
203 2585 294 2615 Rhet.
317 2586 417 2624 graeci
439 2587 518 2615 VIII
541 2595 571 2624 p.
595 2588 664 2624 576.

119 2642 234 2672 Lange
1297 2645 1314 2666 2

191 2900 221 2961 ὲ

0 3034 44 3088 ΙΙΙ
104 3037 115 3042 ,,
144 3036 145 3039 r
222 2962 312 3088 ᾗ
