1826 3088
785 290 1039 328 -24-

158 385 293 434 Itaque
330 396 351 421 e
379 383 793 433 Thesmophoriazusis
833 385 933 421 hunc
968 383 1047 421 sere
1082 385 1119 421 in
1154 384 1352 432 tragoedia
1387 383 1503 421 fuisse
1538 394 1673 437 rerum·

159 448 333 485 ordinem
372 446 610 494 colligimus:
657 446 855 496 Telephus
893 446 944 484 ab
978 447 1139 485 Achivis
1177 458 1253 484 non
1292 446 1488 494 cognitus,
1529 446 1665 495 pannis

157 509 320 547 mendici
354 514 498 558 tectus,
537 521 578 547 se
613 520 771 547 causam
806 509 906 558 regis
931 509 1135 559 Mysorum
1170 508 1414 546 defensurum
1441 520 1526 546 esse
1552 507 1664 557 profi-

157 577 269 610 tetur.
324 571 456 608 Habet
484 573 699 610 orationem
726 572 830 609 illam
857 573 1096 620 praeclaram
1121 573 1226 609 cuius
1253 583 1398 608 nexum
1425 584 1476 608 ex
1502 577 1668 618 utraque

156 636 359 673 comoedia
394 635 647 684 probabiliter
686 637 935 674 constitutum
974 637 1076 685 apud
1103 634 1447 684 Bakhuyzenum1)
1484 634 1661 673 invenies.

157 696 294 736 Graeci
332 694 599 747 indignantur,
628 698 826 748 Telephus
860 700 1081 747 agnoscitur
1116 704 1155 735 et
1189 709 1277 735 cum
1306 698 1445 735 Oreste
1481 704 1594 747 rapto
1626 699 1663 735 in

155 775 262 799 aram
289 761 474 809 confugit.
529 761 735 810 Quaeritur
762 775 838 810 qua
867 763 1014 800 ratione
1041 763 1136 799 haec
1162 761 1326 810 Telephi
1353 762 1500 809 agnitio
1527 761 1565 798 in
1591 766 1662 799 tra·

154 824 294 873 goedia
328 822 429 860 facta
465 825 524 860 sit.
579 824 844 872 Bakhuyzeno
854 824 884 873 ⁹)
921 814 1014 861 non¹
1034 824 1209 872 displicet
1231 824 1396 871 Jahnii⁸)
1431 825 1660 867 coniectura,

158 899 268 925 »eum
304 887 544 924 inimicorum
579 887 762 925 conviciis
798 888 994 925 incensum
1030 887 1155 937 ipsum
1192 898 1234 924 se
1261 886 1417 924 minime
1444 887 1662 924 mendicum

153 951 223 988 sed
247 951 451 998 Mysorum
480 963 612 998 regem
647 962 733 988 esse
759 950 963 998 aperuisse,
1001 952 1061 988 cui
1089 952 1330 988 coniecturae
1357 950 1461 987 favet
1490 950 1661 989 Acharn.

156 1022 226 1062 593
255 1025 363 1062 sqq.‹
378 1013 421 1061 ⁴).
477 1012 593 1051 Certe
619 1012 927 1050 Acharnensium
955 1013 1063 1050 locus
1090 1013 1189 1050 hanc
1216 1013 1441 1061 opinionem
1468 1023 1660 1050 commen-

152 1078 230 1122 dat,
259 1077 373 1113 aliam
401 1076 677 1120 commendant
694 1075 1119 1124 Thesmophoriazusae
1147 1076 1285 1125 quibus
1313 1075 1448 1113 dubito
1471 1086 1519 1112 an
1539 1076 1661 1113 maior

153 1139 251 1178 fides
267 1132 317 1177 sit
335 1140 549 1185 tribuenda,
579 1139 761 1189 quoniam
780 1138 877 1176 hanc
895 1138 1066 1176 fabulam
1084 1138 1234 1177 fidelius
1252 1151 1369 1188 quam
1388 1138 1660 1176 Acharnenses

153 1205 378 1252 tragoediae
414 1209 645 1240 structuram
673 1216 847 1240 servasse
872 1203 1141 1241 intelleximus.
1195 1203 1296 1240 Nam
1324 1203 1420 1239 inter
1446 1202 1659 1241 orationem

153 1265 420 1315 Mnesilochi⁶)
439 1272 668 1315 raptamque
688 1265 870 1304 infantem
878 1267 908 1315 ⁶)
930 1278 1063 1303 revera
1081 1271 1210 1303 exstat
1225 1265 1450 1302 Mnesilochi
1464 1266 1608 1314 agnitio
1616 1267 1657 1314 7),

151 1342 230 1367 non
256 1343 326 1378 per
353 1331 479 1378 ipsum
506 1330 614 1367 illum
634 1352 683 1357 —-
702 1329 826 1367 affinis
843 1329 1036 1378 Euripidis
1063 1342 1140 1366 non
1167 1329 1291 1366 minus
1317 1334 1430 1366 caute
1453 1341 1656 1378 personam

152 1405 262 1430 suam
303 1398 433 1429 tuetur
472 1404 590 1441 quam
631 1392 669 1429 in
703 1392 903 1441 tragoedia
939 1404 1071 1440 regem
1107 1391 1308 1439 Mysorum
1338 1403 1516 1440 *servasse
1552 1399 1656 1440 puta-

149 1456 277 1493 bimus
303 1478 351 1484 —
378 1457 447 1492 sed
474 1467 544 1504 per
565 1454 803 1493 Clisthenem
830 1455 893 1504 qui
922 1467 957 1492 v.
980 1463 1049 1503 575
1078 1455 1232 1492 advenit
1261 1454 1409 1492 effecta.
1446 1454 1506 1493 De
1526 1456 1657 1504 primis

149 1519 230 1555 eius
258 1518 384 1554 verbis
410 1518 502 1554 dicit
528 1530 603 1554 van
621 1518 814 1555 Leeuwen
824 1518 871 1564 ⁸):
905 1532 922 1551 ι
929 1526 1003 1565 574
1022 1529 1107 1564 sqq.
1129 1518 1218 1565 quin
1246 1518 1414 1564 aliquam
1437 1519 1657 1555 contineant

148 1581 351 1630 parodiam
396 1580 522 1618 nullus
559 1580 734 1621 dubito«.
800 1580 856 1618 At
889 1579 1124 1627 Bakhuyzen
1135 1580 1165 1628 ⁹)
1205 1586 1415 1628 postquam
1454 1579 1657 1618 Clisthenis

149 1645 269 1682 verba
314 1656 403 1681 cum
452 1645 616 1681 exordio
665 1645 846 1681 orationis
885 1644 1047 1681 ancillae
1096 1643 1324 1691 Euripideae
1359 1643 1657 1682 Andromachae
1692 1653 1695 1658 '

152 1707 201 1756 56
236 1719 322 1756 sqq.
363 1707 606 1756 comparavit
645 1707 778 1744 adicit:
825 1707 945 1744 »absit
984 1712 1112 1743 tamen
1154 1712 1195 1742 ut
1233 1706 1505 1754 Aristophanis
1540 1708 1657 1745 verba

148 1829 269 1853 secutus
297 1834 329 1853 se
356 1825 513 1853 corbulam
539 1825 747 1853 carbonariam
770 1834 858 1862 quam
881 1835 897 1853 e
920 1825 1012 1853 domo
1034 1825 1186 1853 arcessivit
1208 1813 1411 1862 pversossurum
1433 1834 1498 1853 esse
1519 1826 1657 1856 minatur.

149 1877 228 1906 Tum
252 1886 339 1906 senes
361 1877 400 1906 ad
422 1877 543 1906 miseras
564 1887 668 1916 preces
690 1877 885 1912 descendunt,
914 1877 1033 1915 lapides
1055 1877 1200 1911 abiciunt,
1232 1877 1409 1906 clementiae
1431 1877 1658 1915 Dicaeopolidis

148 1939 180 1958 se
201 1930 426 1959 commendant.
470 1930 531 1959 Cur
552 1930 644 1967 igitur
665 1930 718 1959 ille
740 1934 898 1968 postquam
925 1930 1061 1968 superior
1082 1939 1097 1958 e
1120 1929 1281 1958 certamine
1303 1930 1437 1958 discessit
1460 1929 1657 1960 nihilominus

147 1992 177 2011 v.
199 1988 260 2020 355
289 1982 329 2011 ad
358 1982 389 2011 id
418 1983 501 2021 quod
531 1987 620 2012 antea
649 1982 791 2011 nimirum
822 1982 879 2011 alia
905 1991 1005 2011 rerum
1029 1982 1207 2010 condicione
1229 1982 1367 2020 promisit
1387 1971 1544 2011 revertitur
1565 1988 1657 2021 atque

147 2044 250 2064 revera
276 2045 304 2065 v.
326 2042 386 2074 359
409 2045 476 2074 sqq.
498 2036 666 2065 orationem
694 2045 779 2064 suam
806 2033 888 2077 ὑπὲρ
917 2030 1074 2074 ἐπιξήνου
1107 2035 1217 2063 habere
1238 2035 1376 2072 cogitur?
1420 2035 1515 2063 Vides
1536 2045 1657 2064 scenam

146 2089 289 2117 corbulae
311 2094 414 2127 raptae
437 2090 527 2126 plane
549 2098 565 2117 e
588 2088 709 2117 fabulae
731 2098 809 2117 nexu
832 2088 986 2122 excidere;
1011 2097 1088 2126 quae
1109 2097 1155 2116 res
1177 2088 1291 2126 optime
1313 2088 1470 2126 expeditur
1491 2088 1657 2118 dummodo

148 2146 332 2179 reputemus,
357 2148 520 2179 cognatam
541 2150 663 2170 scenam
686 2141 716 2168 in
740 2141 895 2178 tragoedia
917 2145 987 2179 post
1008 2140 1086 2177 Mysi
1109 2141 1276 2170 orationem
1298 2141 1427 2179 positam
1451 2140 1552 2170 fuisse.

251 2194 277 2231 1)
297 2194 317 2224 1.
340 2194 360 2223 1.
384 2202 424 2223 20
445 2203 489 2233 sq.

249 2245 275 2283 ²)
296 2248 317 2276 1.
339 2257 366 2276 a.
392 2255 459 2276 121.

249 2297 275 2337 ³)
300 2298 449 2337 Telephus
471 2300 540 2328 und
564 2300 698 2332 Troilus,
724 2298 800 2326 Kiel
819 2299 901 2335 1841
925 2308 949 2327 s.
973 2298 1027 2327 28.

250 2351 276 2389 ⁴)
297 2354 393 2392 Λαμ.
425 2354 522 2383 ταυτὶ
545 2354 652 2392 λέγεις
673 2350 714 2383 σύ
733 2351 793 2382 τὸν
815 2348 1002 2393 στρατηγὸν
1023 2348 1156 2390 πτωχός
1178 2347 1240 2388 ὢν,-

300 2408 376 2436 Δικ.
421 2402 486 2445 ἐγὼ
509 2402 576 2446 γάρ
597 2407 667 2446 εἰμι
688 2401 841 2445 nmmos-‚-

248 2457 274 2496 ὖ)
295 2459 417 2489 Thesm.
435 2459 500 2495 -466
522 2469 590 2497 sqq.

249 2510 275 2550 8)
297 2512 422 2542 Thesm.
444 2512 504 2549 689
526 2522 592 2550 sqq.

248 2562 273 2601 ⁷)
293 2565 417 2594 Thesm.
440 2565 612 2602 575—-654.

249 2615 276 2655 ⁸)
295 2617 316 2647 l.
339 2617 359 2647 l.
385 2625 451 2654 140.

247 2669 274 2707 ⁹)
295 2672 313 2700 l.
340 2672 361 2701 l.
389 2679 456 2707 119.
