1826 3088
791 276 1019 312 -8-

156 385 217 417 est
244 379 458 417 exclamat:
781 374 826 428 νὴ
853 370 939 422 Δί’,
966 373 1020 424 ὡς
1046 379 1110 416 νῦν
1136 376 1183 429 δή
1210 372 1246 427 γ’
1278 374 1372 428 ἁνήρ

478 435 615 490 ὀλίγου
641 434 685 488 μ’
718 435 893 491 ἀφείλετ’
926 434 1043 479 αὐτὸν
1069 436 1334 491 ἱστιορράφος,

259 505 417 541 Frustra
443 503 675 541 scholiastae
693 516 832 541 vocem
853 499 1108 555 ἱστιορράφος
1126 503 1318 552 explicare
1336 507 1540 541 conantur:
1569 499 1663 542 ἐπεὶ

154 563 238 604 ἅνω
267 562 543 616 αἰγυπτιάζων
570 563 711 611 αὖτοὺς
737 563 825 617 ἔφη,
859 564 897 603 οἱ
926 565 972 604 δὲ
996 562 1224 620 Αἰγύπτιοι
1256 564 1459 604 λινοποιοί
1484 563 1586 606 εἰσιν
1612 587 1662 593 -

153 625 176 667 ὃ
211 630 451 680 πανοῦργος,
492 623 577 667 ἀπὸ
616 628 843 679 μεταφορᾶς
873 628 949 666 τῶν
982 625 1032 667 τὰ
1066 622 1211 679 ἄρμενα
1246 623 1484 677 ραπτόντων.
1545 628 1663 666 Ridet

154 691 440 741 Aristophanes
466 691 633 729 Menelai
670 696 849 729 ornatum
874 690 1145 741 Euripideum,
1181 703 1270 729 cum
1306 691 1505 729 mulierem
1538 696 1578 729 et
1606 691 1662 734 ,ad

154 761 303 792 vestem
347 767 465 802 quam
508 753 861 792 Pseudomenelaus
901 754 1023 792 induit
1063 760 1102 791 et
1140 754 1301 792 fortasse
1341 755 1391 792 ad
1429 747 1662 793 vocabulum

153 816 457 870 μηχανοῤῥάφος
469 818 499 866 ¹)
536 818 689 867 saepius
725 817 775 855 ab
811 818 894 867 ipso
921 816 1105 867 Euripide
1136 823 1361 867 usurpatum
1372 818 1402 867 ²)
1429 818 1664 856 alludentem

155 881 279 918 faciat.
344 880 481 918 Solum
515 881 770 917 Fritzschium
780 881 812 929 ⁸)
860 881 959 917 hanc
1002 886 1146 918 rectam
1191 882 1546 930 interpretationem
1581 894 1662 930 rep-

154 945 299 994 perisse
334 944 468 989 video;
507 956 624 992 quem
651 942 824 992 Enger4)
855 948 895 980 ut
922 941 1047 981 facere
1075 943 1174 981 solet
1201 956 1306 981 mera
1332 944 1558 982 adversandi
1585 943 1663 982 libi-

155 1009 243 1044 dine
270 1006 410 1044 frustra
435 1007 609 1043 refellere
637 1007 777 1044 studet.

260 1070 397 1120 Itaque
433 1081 522 1108 cum
557 1069 743 1119 pleraque
779 1068 829 1107 ab
855 1068 1118 1120 Aristophane
1145 1082 1196 1107 ex
1222 1069 1305 1119 ipsa
1331 1070 1531 1120 tragoedia
1557 1082 1662 1120 repe-

155 1136 245 1178 tita,
283 1134 406 1171 multa
439 1134 489 1170 ad
516 1135 653 1170 miram
679 1134 901 1181 tragoediae
927 1133 1213 1171 similitudinem
1241 1133 1331 1171 ficta
1357 1140 1396 1171 et
1422 1135 1553 1173 addita
1580 1147 1664 1172 esse

154 1197 383 1240 viderimus,
424 1197 756 1244 quemadmodum
795 1201 913 1246 poeta
940 1196 1051 1246 *seria
1089 1195 1153 1233 illa
1186 1196 1223 1232 in
1254 1196 1399 1234 ludicra
1433 1198 1664 1235 converterit

156 1272 411 1308 quaeramus,
454 1259 517 1297 Ac
553 1272 706 1297 summa
739 1260 893 1307 quidem
929 1260 986 1297 vis
1021 1259 1169 1297 comica
1204 1260 1241 1296 in
1267 1272 1315 1297 eo
1343 1261 1519 1306 vertitur,
1557 1261 1663 1309 quod

156 1323 326 1371 tragicae
352 1317 483 1370 partes
510 1335 580 1371 per
598 1327 749 1360 actores
767 1322 936 1359 comicos
954 1322 1198 1366 sustinentur,
1226 1323 1362 1361 deinde
1383 1324 1488 1372 quod
1506 1324 1664 1361 ridicula

155 1385 276 1422 verba
302 1385 447 1422 severis
471 1397 590 1433 saepe
617 1397 663 1422 ac
689 1384 818 1421 subito
841 1384 1018 1421 immixta
1037 1390 1077 1421 et
1095 1397 1313 1422 sermonem
1336 1392 1375 1423 et
1393 1384 1671 1433 argumentum

155 1448 347 1498 tragicum
374 1448 423 1485 ad
450 1448 568 1486 risum
594 1446 814 1486 deflectunt.
859 1447 919 1485 En
934 1447 1108 1486 Helenae
1126 1440 1213 1498 'qua
1239 1449 1343 1487 nulla
1369 1461 1537 1499 unquam
1565 1461 1662 1487 mor-

155 1512 242 1550 talis
283 1512 425 1550 femina
464 1511 535 1549 suit
573 1511 769 1560 pulchrior
806 1517 935 1560 partes
976 1512 1056 1560 agit
1071 1539 1076 1544 .
1090 1511 1351 1551 Mnesilochus
1384 1513 1554 1559 vetulus,
1593 1510 1664 1560 τὰς

157 1572 330 1626 γνάθους
373 1570 609 1626 ὑβρισμένος
653 1598 702 1603 -
743 1574 906 1612 Menelai
951 1575 1052 1624 regis
1096 1575 1211 1613 incliti
1255 1588 1461 1625 personam
1502 1576 1664 1614 sustinet

154 1639 360 1687 Euripides
397 1641 504 1676 cuius
540 1639 746 1676 obscuram
781 1638 967 1686 originem
1003 1638 1287 1687 Aristophanes
1322 1645 1364 1676 ut
1399 1652 1553 1688 semper
1586 1639 1662 1676 hoc

155 1714 312 1751 quoque
348 1696 434 1751 ipso
470 1702 558 1740 loco
595 1702 695 1739 ridet
704 1702 755 1750 ⁵);
791 1700 936 1738 mulieri
964 1703 1001 1738 Γ
1023 1713 1202 1739 morosae
1237 1714 1337 1753 quae
1373 1715 1507 1740 revera
1532 1707 1662 1751 partes

152 1776 248 1802 anus
274 1765 454 1802 ianitricis
480 1765 752 1802 stomachosae
763 1765 794 1812 ⁶)
819 1764 916 1812 agit,
954 1776 1097 1801 nomen
1123 1765 1331 1802 Theonoes
1344 1767 1384 1814 ⁷),
1421 1777 1520 1814 quae
1552 1766 1663 1802 unica

153 1835 214 1866 est
240 1828 467 1878 tragoediae
494 1841 662 1879 persona
688 1832 860 1872 venusta,
888 1827 1108 1877 imponitur.

254 1893 368 1930 Hanc
406 1893 521 1940 igitur
555 1892 740 1941 parodiae
773 1892 849 1928 vim
877 1903 995 1939 quam
1022 1892 1059 1928 in
1085 1891 1178 1939 ipsis
1204 1892 1378 1940 personis
1404 1892 1529 1929 inesse
1555 1891 1662 1928 vides

151 1942 252 1993 salse
289 1955 398 1993 auxit
429 1960 550 2004 poeta
576 1967 625 1993 eo
653 1955 759 2004 quod
786 1954 938 2003 saepius
962 1959 1172 2003 postquam
1200 1966 1378 1992 severum
1408 1959 1447 1992 et
1472 1954 1661 2003 tragicum

151 2019 299 2055 initium
336 2018 426 2056 fecit
453 2019 656 2063 orationis,
694 2018 892 2055 ridiculum
916 2023 1034 2067 atque
1060 2018 1300 2067 inopinatum
1327 2017 1417 2056 facit
1441 2017 1557 2055 finem
1584 2018 1661 2056 illu-

151 2082 301 2119 sionem
329 2093 447 2129 quam
474 2087 617 2119 vocant
643 2080 848 2118 crudeliter
874 2080 1125 2129 perturbans:

253 2188 279 2229 ¹)
301 2190 441 2219 Naberus
462 2190 611 2228 probante
634 2189 767 2219 Velseno
790 2187 856 2227 (Ar.
871 2189 995 2226 Thesm.
1013 2188 1061 2218 ed.
1076 2188 1198 2227 Lipsiae
1218 2187 1309 2228 1883)
1331 2193 1454 2227 poetam
1476 2189 1515 2218 ad
1536 2189 1661 2218 verbum

150 2238 413 2286 ἱστοριορῤᾰφος
433 2243 569 2271 alludere
592 2241 763 2271 arbitratur.

252 2293 280 2333 2)
300 2294 339 2325 cs.
368 2295 519 2325 Androm.
545 2301 606 2333 445
635 2289 879 2337 μηχανῤῥιίφοι
907 2293 1019 2328 κακῶν
1048 2293 1121 2322 item
1147 2294 1186 2323 de
1214 2294 1356 2324 Menelao
1373 2294 1517 2333 'dictum3
1552 2294 1661 2324 eodem

147 2350 217 2379 loco
241 2359 269 2379 v.
292 2356 365 2386 911,
394 2347 482 2377 1116.

250 2399 277 2439 ⁸)
297 2399 451 2439 Aristoph.
474 2399 675 2439 Thesmoph„
700 2399 824 2438 Lipsiae
849 2399 936 2437 1838.

250 2453 278 2494 ⁴)
298 2453 456 2493 Aristoph.
480 2453 605 2483 Thesm.
626 2462 695 2482 cum
718 2452 853 2487 scholiis,
877 2453 1003 2482 Bonnae
1028 2451 1116 2489 1844.

249 2506 276 2545 ⁶)
296 2508 421 2536 Thesm.
444 2514 516 2542 910.

250 2558 277 2598 ⁸)
297 2560 370 2589 Hel·
397 2566 458 2597 437
481 2568 549 2598 sqq·

250 2612 276 2652 ¹¹)
297 2614 376 2643 Vide
413 2623 505 2652 quam
541 2613 644 2652 lepide
676 2611 894 2650 Aristophanes
928 2612 1028 2650 ipsam
1061 2611 1218 2641 mulierem
1254 2621 1366 2641 nomen
1402 2621 1491 2641 suum
1527 2611 1663 2641 ieiunum

144 2667 314 2709 Κρίτυλλα
334 2663 510 2697 Ἀντιθέου
531 2662 767 2707 Γαργηττόθεν
788 2664 928 2695 fabuloso
952 2664 1114 2694 Theonoes
1135 2664 1250 2694 nomini
1272 2669 1480 2704 opponentem
1506 2664 1607 2695 faeiat.
