1826 3088
794 260 1043 295 —14-

168 364 278 388 versu
308 361 404 388 1110
425 352 635 388 coniunxit.
683 350 761 388 Sed
786 351 995 388 rectissime
1022 357 1155 388 contra
1183 363 1251 388 eos
1271 351 1363 387 dicit
1384 350 1617 398 Bakhuyzen
1628 350 1669 396 ¹),

166 414 304 450 ambos
330 426 464 450 versus
492 415 597 450 nullo
617 414 692 451 alio
704 411 863 450 ⁴vinculo
881 415 979 451 inter
996 427 1037 451 se
1055 414 1271 457 cohaerere,
1299 414 1367 449 nisi
1387 413 1493 460 quod
1511 413 1673 449 verbum

166 473 352 525 οἰκτίρειν
378 476 413 513 in
442 482 607 525 utroque
631 477 852 525 reperiatur.
895 475 1013 525 Quod
1036 482 1165 514 autem
1187 476 1268 525 ipse
1286 488 1398 513 versu
1427 476 1521 523 1058
1541 487 1674 513 revera

165 540 279 577 Echo
303 541 339 576 in
366 541 568 588 tragoedia
595 541 831 589 appellatam
858 553 942 578 esse
968 541 1108 584 voluit,
1146 553 1292 577 errasse
1319 528 1481 577 videtur.
1536 539 1674 587 Neque

166 603 267 638 enim
295 603 511 639 verisimilia
538 609 627 640 sunt
652 615 751 652 quae
780 604 888 640 nobis
916 604 966 639 ad
994 602 1325 650 comprobandam
1344 602 1572 639 sententiam
1591 614 1672 649 per-

166 665 328 703 suadere
355 667 496 710 studet,
525 666 821 704 Andromedam
857 666 1015 703 vocibus
1042 665 1171 703 Echus
1199 666 1404 714 deceptam
1431 671 1548 714 atque
1575 677 1673 702 mor-

166 728 286 765 talem
321 729 516 775 quendam
552 728 749 765 hominem
777 730 910 765 adesse
938 729 1160 765 arbitratam
1189 741 1367 776 rogasse:
1405 726 1452 767 σὺ
1482 725 1520 766 δ’
1551 722 1586 766 εἶ
1614 725 1674 773 τίς

166 790 248 830 κτλ.
286 796 325 827 et
360 796 443 828 tum
479 791 637 828 demum
674 790 769 829 falsa
806 804 847 829 se
880 793 999 829 teneri
1034 791 1213 839 opinione
1245 791 1490 828 intellexisse.
1541 790 1601 828 Ne
1636 791 1674 827 id

165 854 369 891 credamus
416 867 507 902 prae
552 855 689 891 ceteris
730 855 889 903 impedit
928 855 1159 892 vocabulum
1202 852 1265 900 δέ,
1311 856 1417 902 quod
1457 855 1558 891 hunc
1595 853 1673 891 fere

165 917 342 964 postulat
391 917 666 953 sententiarum
712 930 874 954 nexum:
925 917 1085 954 Perseus
1132 917 1337 953 adveniens
1380 917 1674 964 Andromedam

166 980 308 1016 salutat
344 980 490 1016 eisdem
528 978 691 1015 fortasse
726 980 853 1016 verbis
887 980 1025 1026 quibus
1061 981 1097 1016 in
1124 978 1536 1028 Thesmophoriazusis
1564 979 1674 1015 Echo

168 1044 286 1080 utitur
311 1037 413 1092 χαῖρ’
446 1033 478 1080 ὦ
505 1040 605 1094 φίλη
629 1043 709 1080 παῖ
734 1042 953 1091 malamque
981 1043 1060 1080 eius
1087 1043 1352 1080 condicionem
1371 1043 1571 1079 miseratus
1590 1042 1675 1091 quis

167 1108 216 1143 sit
252 1107 474 1153 interrogat.
529 1105 784 1142 Andromeda
817 1118 957 1142 nomen
992 1118 1104 1142 suum
1139 1106 1314 1154 professa
1341 1108 1424 1155 ipsa
1451 1117 1608 1154 quoque
1635 1111 1676 1141 ut

167 1181 333 1217 aequum
362 1174 422 1204 est
448 1180 469 1204 e
495 1168 635 1204 Perseo
664 1168 747 1215 quis
775 1169 823 1205 sit
850 1169 1015 1215 quaerit:
1367 1211 1374 1218 Ι

415 1227 463 1269 σὺ
490 1227 527 1268 δ’
558 1225 594 1269 εἶ
622 1229 685 1276 τίς
711 1226 818 1277 ὅστις
843 1226 983 1280 τούμὸν
1011 1224 1179 1282 ᾤκτιρας
1205 1230 1418 1281 nomos-52).

271 1294 444 1331 Tertiam
471 1295 653 1342 parodiae
681 1300 831 1341 partem
859 1295 1055 1331 continent
1082 1295 1240 1332 Thesm.
1274 1296 1542 1342 1098—1134;
1571 1294 1675 1330 Euri-

167 1356 277 1404 pides
296 1356 367 1392 sub
385 1356 511 1392 Persei
531 1367 698 1404 persona
717 1355 1307 1393 Mnesilochum-Andromedam
1326 1350 1486 1393 liberare
1503 1360 1673 1392 conatur.

167 1419 256 1456 Hoc
293 1430 450 1467 quoque
487 1419 575 1456 loco
612 1418 876 1456 difficillimum
903 1426 962 1457 est
988 1420 1196 1468 Euripidea
1224 1421 1273 1457 ab
1301 1419 1595 1467 Aristophaneis
1622 1432 1675 1456 se-

167 1494 334 1526 cernere,
365 1483 469 1531 quod
498 1482 670 1519 comicus
695 1493 773 1518 non
800 1482 924 1519 solum
953 1488 995 1520 ut
1022 1482 1146 1519 facere
1174 1483 1273 1520 solet
1296 1483 1404 1520 locos
1422 1483 1459 1519 in
1477 1482 1677 1531 tragoedia

167 1547 361 1584 seiunctos
396 1545 654 1594 coniunxitss),
691 1558 826 1583 verum
853 1547 968 1584 etiam
996 1547 1189 1595 permulta
1215 1547 1264 1584 ad
1291 1546 1482 1595 Euripidis
1509 1546 1676 1583 similitu-

168 1609 300 1646 dinem
338 1621 522 1656 expressa
556 1608 749 1645 addidisse
782 1610 940 1646 videtur.
995 1609 1030 1646 E
1057 1610 1257 1657 tragoedia
1283 1609 1435 1657 repetiti
1461 1613 1550 1645 sunt
1581 1609 1675 1655 1098

170 1672 363 1719 ——11004)
392 1683 518 1720 neque
547 1683 624 1708 non
652 1672 717 1718 qui
745 1672 872 1708 statim
899 1678 1112 1720 sequuntur
1144 1682 1233 1710 1101
1265 1684 1323 1719 sq.
1334 1672 1383 1720 ⁵),
1422 1683 1520 1719 quos
1546 1676 1677 1707 tamen

167 1748 219 1772 ex
246 1735 322 1771 alio
340 1734 620 1771 Andromedae
648 1734 736 1771 loco
763 1736 988 1782 desumptos
1015 1747 1099 1772 esse
1127 1736 1267 1772 indicat
1287 1734 1525 1773 scholiastes,
1563 1733 1685 1778 Certe

167 1798 271 1834 haud
309 1809 454 1844 magno
494 1797 622 1845 spatio
649 1809 672 1833 a
708 1809 769 1833 vv.
804 1798 1054 1843 1098—1100
1089 1798 1126 1833 in
1152 1797 1352 1845 tragoedia
1378 1797 1537 1833 seiuncti
1563 1795 1678 1832 fuisse

167 1865 355 1909 possunt;
392 1859 555 1897 fortasse
583 1859 638 1896 eis
663 1860 962 1904 antecedebant,
1000 1872 1089 1897 curn
1117 1866 1274 1897 naturae
1301 1865 1340 1896 et
1365 1860 1533 1909 tragicae
1561 1859 1678 1896 indoli

168 1924 218 1960 sit
245 1923 478 1960 conveniens
512 1928 554 1958 ut
580 1921 741 1960 Perseus
768 1924 998 1971 simulatque
1026 1924 1062 1960 in
1090 1936 1245 1960 scenam
1272 1924 1414 1971 prodiit
1440 1929 1678 1971 spectatores

167 1988 216 2024 de
253 1999 422 2036 persona
461 1998 531 2023 sua
568 1985 751 2023 certiores
791 1986 914 2024 saciat.
978 1986 1182 2024 Recitabat
1221 1987 1336 2036 igitur
1373 1986 1536 2024 fortasse
1573 1986 1678 2034 apud

166 2050 392 2098 Euripidem
427 2049 531 2086 haud
567 2061 678 2086 secus
711 2055 829 2097 atque
855 2051 959 2099 apud
986 2049 1290 2098 Aristophanem
1326 2062 1386 2087 vv.
1421 2058 1512 2086 1001
1543 2060 1600 2096 sq.
1628 2049 1678 2085 ad

166 2113 361 2150 theatrum
380 2124 600 2155 conversuS,
620 2124 709 2148 cum
731 2117 889 2159 repente
908 2112 1203 2149 Andromedam
1221 2113 1408 2160 aspiciens
1426 2110 1678 2148 admiratione

168 2174 462 2224 obstupefactus
489 2174 686 2211 exclamat
712 2173 885 2221 (Thesm.
920 2183 1013 2222 1115
1043 2176 1134 2223 sq.):

468 2235 534 2276 ἔα·
562 2235 637 2275 τίν’
669 2231 795 2284 ὄχθον
820 2233 925 2275 τόνδ’
958 2232 1038 2286 ὁρῶ
1064 2238 1133 2279 καὶ
1160 2237 1365 2288 παρθένον

465 2302 584 2347 θεαῖς
610 2295 754 2349 ὁμοίαν
781 2301 872 2339 ναῦν
898 2295 1009 2348 ὅπως
1032 2296 1299 2353 ὡρμισμένηνς
1361 2308 1363 2310 “

271 2424 297 2463 ¹)
318 2425 339 2454 1.
361 2435 388 2455 a.
409 2435 440 2464 p.
467 2432 519 2462 ¹31
545 2433 592 2462 sq.

271 2477 296 2516 2)
316 2478 357 2508 cf.
378 2478 516 2506 Helenae
538 2476 697 2515 parodiam
720 2476 844 2505 Thesm.
869 2484 926 2515 905
952 2487 1020 2516 sqq.

270 2530 296 2568 ⁸)
316 2531 420 2560 Schol.
445 2529 534 2566 1098.

270 2582 297 2622 ⁴)
318 2583 428 2613 Nauck
449 2583 557 2622 fragm.
587 2591 653 2619 124.

270 2636 295 2673 ⁶)
316 2636 427 2666 Nauck
448 2635 557 2674 fragm.
583 2644 649 2674 123.
